[
  {
    "ticker": "XOG",
    "catalyst_date": "2021-06-01",
    "explosion_metrics": {
      "gain_pct": 19537.70794824399,
      "volume_spike": "8.2x",
      "exit_quality": "sustained_move"
    },
    "profile": {
      "name": "Extraction Oil & Gas, Inc. Common Stock",
      "market_cap": 0.0,
      "shares_outstanding": 24930000.0,
      "sic_description": "CRUDE PETROLEUM & NATURAL GAS",
      "primary_exchange": "XNAS",
      "is_ultra_low_float": false,
      "is_low_float": true,
      "is_micro_cap": false,
      "float_category": "low",
      "has_data": true
    },
    "technicals": {
      "bar_count": 83,
      "bb_squeeze": {
        "is_squeezing": false,
        "current_width": 0.1462003044007371,
        "squeeze_ratio": 1.5697375490525238
      },
      "volume_trend": {
        "is_drying": false,
        "volume_ratio": 4.292424115353303
      },
      "consolidation": {
        "is_consolidating": false,
        "range_pct": 0.35607586252683304
      },
      "volatility_rank": 11.29032258064516,
      "rsi": 75.42972699696658,
      "price_ma20": 47.620999999999995,
      "price_ma50": 41.851499999999994,
      "volume_ma20": 253348.1
    },
    "fundamentals": {
      "has_data": true,
      "revenue": 223627000.0,
      "revenue_qoq_growth": -23.542142476169637,
      "revenue_yoy_growth": 0.7070256735883129,
      "is_accelerating": false,
      "net_income": 24544000.0,
      "turning_profitable": false,
      "cash": 0.0,
      "total_debt": 90000000.0
    },
    "relative_strength": {
      "relative_strength": 0.8085001373536342,
      "consistently_strong": true,
      "strongly_outperforming": true
    },
    "news": {
      "article_count": 10,
      "primary_catalyst": "other",
      "themes": {
        "earnings": 2,
        "fda_approval": 0,
        "merger": 2,
        "contract": 0,
        "upgrade": 0,
        "other": 6
      }
    },
    "price_patterns": {
      "return_7d": 0.05943627450980385,
      "return_30d": 0.25320125634211155,
      "return_60d": 0.4308965517241379,
      "return_90d": 0.5126859142607174
    },
    "volume_profile": {
      "avg_volume": 127701.46987951807,
      "median_volume": 76019.0,
      "unusual_volume_days": 11,
      "dry_volume_days": 35
    },
    "scores": {
      "setup_score": 30,
      "technical_score": 0,
      "fundamental_score": 0,
      "catalyst_score": 0,
      "total_score": 30
    }
  },
  {
    "ticker": "XOG",
    "catalyst_date": "2020-06-05",
    "explosion_metrics": {
      "gain_pct": 17034.697762970016,
      "volume_spike": "9.0x",
      "exit_quality": "sustained_move"
    },
    "profile": {
      "name": "Extraction Oil & Gas, Inc. Common Stock",
      "market_cap": 0.0,
      "shares_outstanding": 138660000.0,
      "sic_description": "CRUDE PETROLEUM & NATURAL GAS",
      "primary_exchange": "XNAS",
      "is_ultra_low_float": false,
      "is_low_float": false,
      "is_micro_cap": false,
      "float_category": "medium",
      "has_data": true
    },
    "technicals": {
      "bar_count": 84,
      "bb_squeeze": {
        "is_squeezing": false,
        "current_width": 0.36105371544458087,
        "squeeze_ratio": 0.7188734243405163
      },
      "volume_trend": {
        "is_drying": false,
        "volume_ratio": 1.4315558784569773
      },
      "consolidation": {
        "is_consolidating": false,
        "range_pct": 1.069225496915696
      },
      "volatility_rank": 0.0,
      "rsi": 73.58885017421603,
      "price_ma20": 0.32136,
      "price_ma50": 0.371422,
      "volume_ma20": 3518456.35
    },
    "fundamentals": {
      "has_data": true,
      "revenue": 223627000.0,
      "revenue_qoq_growth": -23.542142476169637,
      "revenue_yoy_growth": 0.7070256735883129,
      "is_accelerating": false,
      "net_income": 24544000.0,
      "turning_profitable": false,
      "cash": 0.0,
      "total_debt": 90000000.0
    },
    "relative_strength": {
      "relative_strength": -0.6647951768090451,
      "consistently_strong": false,
      "strongly_outperforming": false
    },
    "news": {
      "article_count": 0,
      "primary_catalyst": "unknown",
      "themes": {
        "earnings": 0,
        "fda_approval": 0,
        "merger": 0,
        "contract": 0,
        "upgrade": 0,
        "other": 0
      }
    },
    "price_patterns": {
      "return_7d": 0.466896551724138,
      "return_30d": -0.05256124721603565,
      "return_60d": 0.06323419145213693,
      "return_90d": 0.3942969518190758
    },
    "volume_profile": {
      "avg_volume": 2395164.4166666665,
      "median_volume": 1885032.0,
      "unusual_volume_days": 4,
      "dry_volume_days": 18
    },
    "scores": {
      "setup_score": 0,
      "technical_score": 0,
      "fundamental_score": 0,
      "catalyst_score": 0,
      "total_score": 0
    }
  },
  {
    "ticker": "PHUNW",
    "catalyst_date": "2021-10-15",
    "explosion_metrics": {
      "gain_pct": 11745.386533665836,
      "volume_spike": "16.5x",
      "exit_quality": "volatile_exit"
    },
    "profile": {
      "name": "Phunware, Inc. Warrants",
      "market_cap": 0.0,
      "shares_outstanding": 71200000.0,
      "sic_description": "SERVICES-COMPUTER PROCESSING & DATA PREPARATION",
      "primary_exchange": "XNAS",
      "is_ultra_low_float": false,
      "is_low_float": false,
      "is_micro_cap": false,
      "float_category": "medium",
      "has_data": true
    },
    "technicals": {
      "bar_count": 78,
      "bb_squeeze": {
        "is_squeezing": false,
        "current_width": 0.16118401900690302,
        "squeeze_ratio": 0.7769667680271549
      },
      "volume_trend": {
        "is_drying": false,
        "volume_ratio": 0.9691430918519279
      },
      "consolidation": {
        "is_consolidating": false,
        "range_pct": 0.44926289190808616
      },
      "volatility_rank": 52.63157894736842,
      "rsi": 60.0081027525291,
      "price_ma20": 0.18793505,
      "price_ma50": 0.20523766000000002,
      "volume_ma20": 4719.0
    },
    "fundamentals": {
      "has_data": true,
      "revenue": 2792000.0,
      "revenue_qoq_growth": -19.931172928018352,
      "revenue_yoy_growth": -49.0975387420237,
      "is_accelerating": false,
      "net_income": -18979000.0,
      "turning_profitable": false,
      "cash": 0.0,
      "total_debt": 0.0
    },
    "relative_strength": {
      "relative_strength": -0.005368282491681503,
      "consistently_strong": false,
      "strongly_outperforming": false
    },
    "news": {
      "article_count": 0,
      "primary_catalyst": "unknown",
      "themes": {
        "earnings": 0,
        "fda_approval": 0,
        "merger": 0,
        "contract": 0,
        "upgrade": 0,
        "other": 0
      }
    },
    "price_patterns": {
      "return_7d": 0.49563591022443904,
      "return_30d": 0.26263157894736844,
      "return_60d": 0.2619673855865335,
      "return_90d": -0.14687055476529162
    },
    "volume_profile": {
      "avg_volume": 9121.551282051281,
      "median_volume": 3069.0,
      "unusual_volume_days": 6,
      "dry_volume_days": 46
    },
    "scores": {
      "setup_score": 0,
      "technical_score": 0,
      "fundamental_score": 0,
      "catalyst_score": 0,
      "total_score": 0
    }
  },
  {
    "ticker": "PHUNW",
    "catalyst_date": "2021-10-22",
    "explosion_metrics": {
      "gain_pct": 9806.152241918664,
      "volume_spike": "639.0x",
      "exit_quality": "volatile_exit"
    },
    "profile": {
      "name": "Phunware, Inc. Warrants",
      "market_cap": 0.0,
      "shares_outstanding": 71200000.0,
      "sic_description": "SERVICES-COMPUTER PROCESSING & DATA PREPARATION",
      "primary_exchange": "XNAS",
      "is_ultra_low_float": false,
      "is_low_float": false,
      "is_micro_cap": false,
      "float_category": "medium",
      "has_data": true
    },
    "technicals": {
      "bar_count": 79,
      "bb_squeeze": {
        "is_squeezing": false,
        "current_width": 0.2250796807273189,
        "squeeze_ratio": 1.0341004865388772
      },
      "volume_trend": {
        "is_drying": false,
        "volume_ratio": 160.63947999400568
      },
      "consolidation": {
        "is_consolidating": false,
        "range_pct": 45.56717951794029
      },
      "volatility_rank": 98.27586206896551,
      "rsi": 98.64050332931893,
      "price_ma20": 0.51842755,
      "price_ma50": 0.33722364,
      "volume_ma20": 643168.35
    },
    "fundamentals": {
      "has_data": true,
      "revenue": 2792000.0,
      "revenue_qoq_growth": -19.931172928018352,
      "revenue_yoy_growth": -49.0975387420237,
      "is_accelerating": false,
      "net_income": -18979000.0,
      "turning_profitable": false,
      "cash": 0.0,
      "total_debt": 0.0
    },
    "relative_strength": {
      "relative_strength": 21.45132747669919,
      "consistently_strong": true,
      "strongly_outperforming": true
    },
    "news": {
      "article_count": 0,
      "primary_catalyst": "unknown",
      "themes": {
        "earnings": 0,
        "fda_approval": 0,
        "merger": 0,
        "contract": 0,
        "upgrade": 0,
        "other": 0
      }
    },
    "price_patterns": {
      "return_7d": 25.675281367236348,
      "return_30d": 31.82602116450969,
      "return_60d": 24.618094475580467,
      "return_90d": 21.066896551724138
    },
    "volume_profile": {
      "avg_volume": 170153.92405063292,
      "median_volume": 3217.0,
      "unusual_volume_days": 2,
      "dry_volume_days": 76
    },
    "scores": {
      "setup_score": 0,
      "technical_score": 0,
      "fundamental_score": 0,
      "catalyst_score": 0,
      "total_score": 0
    }
  },
  {
    "ticker": "DYN",
    "catalyst_date": "2013-03-14",
    "explosion_metrics": {
      "gain_pct": 4835.555555555556,
      "volume_spike": "6.8x",
      "exit_quality": "sustained_move"
    },
    "profile": {
      "name": "DYNEGY INC NEW DEL COM STK (DE)",
      "market_cap": 0.0,
      "shares_outstanding": 99999000.0,
      "sic_description": "ELECTRIC SERVICES",
      "primary_exchange": "XNYS",
      "is_ultra_low_float": false,
      "is_low_float": false,
      "is_micro_cap": false,
      "float_category": "medium",
      "has_data": true
    },
    "technicals": {
      "bar_count": 82,
      "bb_squeeze": {
        "is_squeezing": true,
        "current_width": 0.014561066497513634,
        "squeeze_ratio": 0.4980292159338989
      },
      "volume_trend": {
        "is_drying": false,
        "volume_ratio": 1.2158360605995722
      },
      "consolidation": {
        "is_consolidating": true,
        "range_pct": 0.14697030497592295
      },
      "volatility_rank": 93.44262295081968,
      "rsi": 76.54639175257734,
      "price_ma20": 19.939500000000002,
      "price_ma50": 20.0028,
      "volume_ma20": 664364.8
    },
    "fundamentals": {
      "has_data": true,
      "revenue": 0.0,
      "revenue_qoq_growth": 0.0,
      "revenue_yoy_growth": 0.0,
      "is_accelerating": false,
      "net_income": -108041000.0,
      "turning_profitable": false,
      "cash": 0.0,
      "total_debt": 99147000.0
    },
    "relative_strength": {
      "relative_strength": 0.05036904553033536,
      "consistently_strong": true,
      "strongly_outperforming": false
    },
    "news": {
      "article_count": 0,
      "primary_catalyst": "unknown",
      "themes": {
        "earnings": 0,
        "fda_approval": 0,
        "merger": 0,
        "contract": 0,
        "upgrade": 0,
        "other": 0
      }
    },
    "price_patterns": {
      "return_7d": 0.0994005994005995,
      "return_30d": 0.10491967871485942,
      "return_60d": 0.0885262116716124,
      "return_90d": 0.16331923890063424
    },
    "volume_profile": {
      "avg_volume": 449325.7804878049,
      "median_volume": 329987.0,
      "unusual_volume_days": 7,
      "dry_volume_days": 28
    },
    "scores": {
      "setup_score": 0,
      "technical_score": 70,
      "fundamental_score": 0,
      "catalyst_score": 0,
      "total_score": 70
    }
  },
  {
    "ticker": "LEXXW",
    "catalyst_date": "2024-03-08",
    "explosion_metrics": {
      "gain_pct": 4700.0,
      "volume_spike": "6.7x",
      "exit_quality": "volatile_exit"
    },
    "profile": {
      "name": "Lexaria Bioscience Corp. Warrant",
      "market_cap": 0.0,
      "shares_outstanding": 0.0,
      "sic_description": "PHARMACEUTICAL PREPARATIONS",
      "primary_exchange": "XNAS",
      "is_ultra_low_float": false,
      "is_low_float": false,
      "is_micro_cap": false,
      "float_category": "unknown",
      "has_data": true
    },
    "technicals": {
      "bar_count": 62,
      "bb_squeeze": {
        "is_squeezing": false,
        "current_width": 0.3915781916937422,
        "squeeze_ratio": 0.9121955791402752
      },
      "volume_trend": {
        "is_drying": false,
        "volume_ratio": 3.318481749645443
      },
      "consolidation": {
        "is_consolidating": false,
        "range_pct": 2.304784551031129
      },
      "volatility_rank": 4.878048780487805,
      "rsi": 86.74698795180723,
      "price_ma20": 0.9444649999999999,
      "price_ma50": 0.7050069999999999,
      "volume_ma20": 22228.85
    },
    "fundamentals": {
      "has_data": true,
      "revenue": 174000.0,
      "revenue_qoq_growth": 0.0,
      "revenue_yoy_growth": 20.0,
      "is_accelerating": false,
      "net_income": -3790606.0,
      "turning_profitable": false,
      "cash": 0.0,
      "total_debt": 0.0
    },
    "relative_strength": {
      "relative_strength": 5.751521298174442,
      "consistently_strong": true,
      "strongly_outperforming": true
    },
    "news": {
      "article_count": 0,
      "primary_catalyst": "unknown",
      "themes": {
        "earnings": 0,
        "fda_approval": 0,
        "merger": 0,
        "contract": 0,
        "upgrade": 0,
        "other": 0
      }
    },
    "price_patterns": {
      "return_7d": 1.8309859154929575,
      "return_30d": 1.9130434782608694,
      "return_60d": 2.654545454545454,
      "return_90d": 3.4676594798844182
    },
    "volume_profile": {
      "avg_volume": 14831.241935483871,
      "median_volume": 5240.0,
      "unusual_volume_days": 9,
      "dry_volume_days": 35
    },
    "scores": {
      "setup_score": 0,
      "technical_score": 0,
      "fundamental_score": 0,
      "catalyst_score": 0,
      "total_score": 0
    }
  },
  {
    "ticker": "MGEN",
    "catalyst_date": "2020-10-28",
    "explosion_metrics": {
      "gain_pct": 3499.57627118644,
      "volume_spike": "284.2x",
      "exit_quality": "sustained_move"
    },
    "profile": {
      "name": "Miragen Therapeutics, Inc. Common Stock",
      "market_cap": 0.0,
      "shares_outstanding": 53080000.0,
      "sic_description": "SERVICES-MEDICAL LABORATORIES",
      "primary_exchange": "XNAS",
      "is_ultra_low_float": false,
      "is_low_float": false,
      "is_micro_cap": false,
      "float_category": "medium",
      "has_data": true
    },
    "technicals": {
      "bar_count": 85,
      "bb_squeeze": {
        "is_squeezing": false,
        "current_width": 0.3221814295952366,
        "squeeze_ratio": 1.7573962873039515
      },
      "volume_trend": {
        "is_drying": false,
        "volume_ratio": 19.833667242050883
      },
      "consolidation": {
        "is_consolidating": false,
        "range_pct": 1.3258657007303585
      },
      "volatility_rank": 59.375,
      "rsi": 87.1228266965788,
      "price_ma20": 0.612145,
      "price_ma50": 0.786806,
      "volume_ma20": 14440758.25
    },
    "fundamentals": {
      "has_data": true,
      "revenue": 0.0,
      "revenue_qoq_growth": -100.0,
      "revenue_yoy_growth": -100.0,
      "is_accelerating": false,
      "net_income": -5494000.0,
      "turning_profitable": false,
      "cash": 0.0,
      "total_debt": 0.0
    },
    "relative_strength": {
      "relative_strength": 0.07578891642972574,
      "consistently_strong": true,
      "strongly_outperforming": false
    },
    "news": {
      "article_count": 0,
      "primary_catalyst": "unknown",
      "themes": {
        "earnings": 0,
        "fda_approval": 0,
        "merger": 0,
        "contract": 0,
        "upgrade": 0,
        "other": 0
      }
    },
    "price_patterns": {
      "return_7d": 1.5255562236921227,
      "return_30d": 0.5540207202762705,
      "return_60d": 0.36083810346689715,
      "return_90d": 0.1559633027522935
    },
    "volume_profile": {
      "avg_volume": 4972954.764705882,
      "median_volume": 899853.0,
      "unusual_volume_days": 3,
      "dry_volume_days": 75
    },
    "scores": {
      "setup_score": 0,
      "technical_score": 0,
      "fundamental_score": 0,
      "catalyst_score": 0,
      "total_score": 0
    }
  },
  {
    "ticker": "GBR",
    "catalyst_date": "2020-09-29",
    "explosion_metrics": {
      "gain_pct": 2823.5849056603774,
      "volume_spike": "21.7x",
      "exit_quality": "volatile_exit"
    },
    "profile": {
      "name": "New Concept Energy Inc",
      "market_cap": 5026729.353,
      "shares_outstanding": 5130000.0,
      "sic_description": "CRUDE PETROLEUM & NATURAL GAS",
      "primary_exchange": "XASE",
      "is_ultra_low_float": true,
      "is_low_float": true,
      "is_micro_cap": true,
      "float_category": "ultra_low",
      "has_data": true
    },
    "technicals": {
      "bar_count": 85,
      "bb_squeeze": {
        "is_squeezing": false,
        "current_width": 0.17046471430130145,
        "squeeze_ratio": 1.1002940883029166
      },
      "volume_trend": {
        "is_drying": false,
        "volume_ratio": 1.8513985916175881
      },
      "consolidation": {
        "is_consolidating": false,
        "range_pct": 0.8069879175975672
      },
      "volatility_rank": 15.625,
      "rsi": 79.3103448275862,
      "price_ma20": 1.2965950000000002,
      "price_ma50": 1.382012,
      "volume_ma20": 198550.65
    },
    "fundamentals": {
      "has_data": true,
      "revenue": 38000.0,
      "revenue_qoq_growth": 2.7027027027027026,
      "revenue_yoy_growth": 8.571428571428571,
      "is_accelerating": false,
      "net_income": -20000.0,
      "turning_profitable": false,
      "cash": 0.0,
      "total_debt": 0.0
    },
    "relative_strength": {
      "relative_strength": 0.6682218167575202,
      "consistently_strong": true,
      "strongly_outperforming": true
    },
    "news": {
      "article_count": 0,
      "primary_catalyst": "unknown",
      "themes": {
        "earnings": 0,
        "fda_approval": 0,
        "merger": 0,
        "contract": 0,
        "upgrade": 0,
        "other": 0
      }
    },
    "price_patterns": {
      "return_7d": 0.35539795114263206,
      "return_30d": 0.33333333333333326,
      "return_60d": 0.23741007194244612,
      "return_90d": 0.3870967741935484
    },
    "volume_profile": {
      "avg_volume": 152860.6588235294,
      "median_volume": 40262.0,
      "unusual_volume_days": 7,
      "dry_volume_days": 56
    },
    "scores": {
      "setup_score": 80,
      "technical_score": 0,
      "fundamental_score": 0,
      "catalyst_score": 0,
      "total_score": 80
    }
  },
  {
    "ticker": "CRTDW",
    "catalyst_date": "2022-11-02",
    "explosion_metrics": {
      "gain_pct": 2556.2500000000005,
      "volume_spike": "5.3x",
      "exit_quality": "unknown"
    },
    "profile": {
      "name": "Creatd Inc. Warrant",
      "market_cap": 0.0,
      "shares_outstanding": 19910000.0,
      "sic_description": "SERVICES-ALLIED TO MOTION PICTURE PRODUCTION",
      "primary_exchange": "XNAS",
      "is_ultra_low_float": true,
      "is_low_float": true,
      "is_micro_cap": false,
      "float_category": "very_low",
      "has_data": true
    },
    "technicals": {
      "bar_count": 63,
      "bb_squeeze": {
        "is_squeezing": false,
        "current_width": 1.3914009608203832,
        "squeeze_ratio": 2.1832255060296983
      },
      "volume_trend": {
        "is_drying": false,
        "volume_ratio": 2.6561541150425287
      },
      "consolidation": {
        "is_consolidating": false,
        "range_pct": 2.189545472223886
      },
      "volatility_rank": 85.71428571428571,
      "rsi": 71.053478517406,
      "price_ma20": 0.06710505,
      "price_ma50": 0.12632234,
      "volume_ma20": 23935.8
    },
    "fundamentals": {
      "has_data": true,
      "revenue": 1625901.0,
      "revenue_qoq_growth": 20.549802852740857,
      "revenue_yoy_growth": 118.56063813913724,
      "is_accelerating": true,
      "net_income": -8704938.0,
      "turning_profitable": false,
      "cash": 0.0,
      "total_debt": 0.0
    },
    "relative_strength": {
      "relative_strength": 0.16516329970618382,
      "consistently_strong": true,
      "strongly_outperforming": true
    },
    "news": {
      "article_count": 0,
      "primary_catalyst": "unknown",
      "themes": {
        "earnings": 0,
        "fda_approval": 0,
        "merger": 0,
        "contract": 0,
        "upgrade": 0,
        "other": 0
      }
    },
    "price_patterns": {
      "return_7d": -0.034482758620689495,
      "return_30d": 5.9306930693069315,
      "return_60d": -0.21259842519685038,
      "return_90d": -0.2161254199328107
    },
    "volume_profile": {
      "avg_volume": 13842.317460317461,
      "median_volume": 4995.0,
      "unusual_volume_days": 10,
      "dry_volume_days": 38
    },
    "scores": {
      "setup_score": 50,
      "technical_score": 0,
      "fundamental_score": 50,
      "catalyst_score": 0,
      "total_score": 100
    }
  },
  {
    "ticker": "SPRT",
    "catalyst_date": "2021-06-10",
    "explosion_metrics": {
      "gain_pct": 2472.844827586207,
      "volume_spike": "16.6x",
      "exit_quality": "volatile_exit"
    },
    "profile": {
      "name": "support.com, Inc.",
      "market_cap": 0.0,
      "shares_outstanding": 19380000.0,
      "sic_description": "SERVICES-COMPUTER PROCESSING & DATA PREPARATION",
      "primary_exchange": "XNAS",
      "is_ultra_low_float": true,
      "is_low_float": true,
      "is_micro_cap": false,
      "float_category": "very_low",
      "has_data": true
    },
    "technicals": {
      "bar_count": 84,
      "bb_squeeze": {
        "is_squeezing": true,
        "current_width": 0.22649655581938116,
        "squeeze_ratio": 0.5393010314742617
      },
      "volume_trend": {
        "is_drying": false,
        "volume_ratio": 3.150280317125826
      },
      "consolidation": {
        "is_consolidating": false,
        "range_pct": 0.7601544233592518
      },
      "volatility_rank": 66.66666666666666,
      "rsi": 77.50759878419453,
      "price_ma20": 2.945,
      "price_ma50": 3.5439,
      "volume_ma20": 1850437.8
    },
    "fundamentals": {
      "has_data": true,
      "revenue": 8512000.0,
      "revenue_qoq_growth": -11.618731180562767,
      "revenue_yoy_growth": -28.763913298183947,
      "is_accelerating": false,
      "net_income": -799000.0,
      "turning_profitable": false,
      "cash": 0.0,
      "total_debt": 0.0
    },
    "relative_strength": {
      "relative_strength": 0.7257587543462813,
      "consistently_strong": true,
      "strongly_outperforming": true
    },
    "news": {
      "article_count": 5,
      "primary_catalyst": "earnings",
      "themes": {
        "earnings": 3,
        "fda_approval": 0,
        "merger": 1,
        "contract": 0,
        "upgrade": 0,
        "other": 1
      }
    },
    "price_patterns": {
      "return_7d": 0.45302013422818793,
      "return_30d": 0.47278911564625853,
      "return_60d": -0.13052208835341372,
      "return_90d": 1.0817307692307692
    },
    "volume_profile": {
      "avg_volume": 4604412.80952381,
      "median_volume": 512194.0,
      "unusual_volume_days": 3,
      "dry_volume_days": 75
    },
    "scores": {
      "setup_score": 50,
      "technical_score": 40,
      "fundamental_score": 0,
      "catalyst_score": 50,
      "total_score": 140
    }
  },
  {
    "ticker": "ACI",
    "catalyst_date": "2015-08-20",
    "explosion_metrics": {
      "gain_pct": 2443.35260115607,
      "volume_spike": "3.4x",
      "exit_quality": "volatile_exit"
    },
    "profile": {
      "name": "ARCH COAL, INC.",
      "market_cap": 0.0,
      "shares_outstanding": 212693000.0,
      "sic_description": "BITUMINOUS COAL & LIGNITE SURFACE MINING",
      "primary_exchange": "XNYS",
      "is_ultra_low_float": false,
      "is_low_float": false,
      "is_micro_cap": false,
      "float_category": "high",
      "has_data": true
    },
    "technicals": {
      "bar_count": 85,
      "bb_squeeze": {
        "is_squeezing": false,
        "current_width": 1.7631279510008082,
        "squeeze_ratio": 2.93352203700071
      },
      "volume_trend": {
        "is_drying": true,
        "volume_ratio": 0.4238553527959695
      },
      "consolidation": {
        "is_consolidating": false,
        "range_pct": 4.973253223731685
      },
      "volatility_rank": 82.8125,
      "rsi": 75.85604985399435,
      "price_ma20": 1.141295,
      "price_ma50": 0.667188,
      "volume_ma20": 3549291.8
    },
    "fundamentals": {
      "has_data": true,
      "revenue": 18915800000.0,
      "revenue_qoq_growth": -23.974309507732873,
      "revenue_yoy_growth": -22.04620570853973,
      "is_accelerating": false,
      "net_income": 168500000.0,
      "turning_profitable": false,
      "cash": 0.0,
      "total_debt": 0.0
    },
    "relative_strength": {
      "relative_strength": 2.315933152922186,
      "consistently_strong": true,
      "strongly_outperforming": true
    },
    "news": {
      "article_count": 0,
      "primary_catalyst": "unknown",
      "themes": {
        "earnings": 0,
        "fda_approval": 0,
        "merger": 0,
        "contract": 0,
        "upgrade": 0,
        "other": 0
      }
    },
    "price_patterns": {
      "return_7d": 1.537878787878788,
      "return_30d": 12.952519783423574,
      "return_60d": 6.333625218914186,
      "return_90d": 4.058894593778315
    },
    "volume_profile": {
      "avg_volume": 5319327.094117647,
      "median_volume": 4087020.0,
      "unusual_volume_days": 7,
      "dry_volume_days": 21
    },
    "scores": {
      "setup_score": 0,
      "technical_score": 30,
      "fundamental_score": 0,
      "catalyst_score": 0,
      "total_score": 30
    }
  },
  {
    "ticker": "GBR",
    "catalyst_date": "2020-12-29",
    "explosion_metrics": {
      "gain_pct": 2340.1574803149606,
      "volume_spike": "51.2x",
      "exit_quality": "volatile_exit"
    },
    "profile": {
      "name": "New Concept Energy Inc",
      "market_cap": 6620194.86,
      "shares_outstanding": 5130000.0,
      "sic_description": "CRUDE PETROLEUM & NATURAL GAS",
      "primary_exchange": "XASE",
      "is_ultra_low_float": true,
      "is_low_float": true,
      "is_micro_cap": true,
      "float_category": "ultra_low",
      "has_data": true
    },
    "technicals": {
      "bar_count": 84,
      "bb_squeeze": {
        "is_squeezing": true,
        "current_width": 0.04701855181871446,
        "squeeze_ratio": 0.42528007417044633
      },
      "volume_trend": {
        "is_drying": false,
        "volume_ratio": 2.244727561489828
      },
      "consolidation": {
        "is_consolidating": false,
        "range_pct": 1.1598324560725244
      },
      "volatility_rank": 1.5873015873015872,
      "rsi": 83.16831683168316,
      "price_ma20": 1.7719999999999998,
      "price_ma50": 1.7031980000000002,
      "volume_ma20": 724217.8
    },
    "fundamentals": {
      "has_data": true,
      "revenue": 38000.0,
      "revenue_qoq_growth": 2.7027027027027026,
      "revenue_yoy_growth": 8.571428571428571,
      "is_accelerating": false,
      "net_income": -20000.0,
      "turning_profitable": false,
      "cash": 0.0,
      "total_debt": 0.0
    },
    "relative_strength": {
      "relative_strength": 0.8280621442183138,
      "consistently_strong": true,
      "strongly_outperforming": true
    },
    "news": {
      "article_count": 0,
      "primary_catalyst": "unknown",
      "themes": {
        "earnings": 0,
        "fda_approval": 0,
        "merger": 0,
        "contract": 0,
        "upgrade": 0,
        "other": 0
      }
    },
    "price_patterns": {
      "return_7d": 0.4523809523809524,
      "return_30d": 0.39428571428571424,
      "return_60d": 0.6375838926174496,
      "return_90d": 0.7062937062937064
    },
    "volume_profile": {
      "avg_volume": 382123.38095238095,
      "median_volume": 99808.0,
      "unusual_volume_days": 7,
      "dry_volume_days": 65
    },
    "scores": {
      "setup_score": 80,
      "technical_score": 40,
      "fundamental_score": 0,
      "catalyst_score": 0,
      "total_score": 120
    }
  },
  {
    "ticker": "CCCL",
    "catalyst_date": "2016-07-25",
    "explosion_metrics": {
      "gain_pct": 2156.5055762081784,
      "volume_spike": "207.7x",
      "exit_quality": "volatile_exit"
    },
    "profile": {
      "name": "CHINA CERAMICS CO (F)",
      "market_cap": 0.0,
      "shares_outstanding": 0.0,
      "sic_description": "",
      "primary_exchange": "XNAS",
      "is_ultra_low_float": false,
      "is_low_float": false,
      "is_micro_cap": false,
      "float_category": "unknown",
      "has_data": true
    },
    "technicals": {
      "bar_count": 84,
      "bb_squeeze": {
        "is_squeezing": false,
        "current_width": 1.1298439365606197,
        "squeeze_ratio": 2.019413410219655
      },
      "volume_trend": {
        "is_drying": false,
        "volume_ratio": 14.794539180616805
      },
      "consolidation": {
        "is_consolidating": false,
        "range_pct": 3.1685948226439504
      },
      "volatility_rank": 76.19047619047619,
      "rsi": 88.18199675882728,
      "price_ma20": 2.5506,
      "price_ma50": 1.222266,
      "volume_ma20": 994688.65
    },
    "fundamentals": {
      "has_data": false
    },
    "relative_strength": {
      "relative_strength": 12.70382923426666,
      "consistently_strong": true,
      "strongly_outperforming": true
    },
    "news": {
      "article_count": 0,
      "primary_catalyst": "unknown",
      "themes": {
        "earnings": 0,
        "fda_approval": 0,
        "merger": 0,
        "contract": 0,
        "upgrade": 0,
        "other": 0
      }
    },
    "price_patterns": {
      "return_7d": 0.8531468531468531,
      "return_30d": 13.763231197771589,
      "return_60d": 15.257668711656441,
      "return_90d": 13.722222222222221
    },
    "volume_profile": {
      "avg_volume": 340385.34523809527,
      "median_volume": 56739.0,
      "unusual_volume_days": 3,
      "dry_volume_days": 69
    },
    "scores": {
      "setup_score": 0,
      "technical_score": 0,
      "fundamental_score": 0,
      "catalyst_score": 0,
      "total_score": 0
    }
  },
  {
    "ticker": "SHLDW",
    "catalyst_date": "2018-06-15",
    "explosion_metrics": {
      "gain_pct": 2124.4094488188975,
      "volume_spike": "7.4x",
      "exit_quality": "volatile_exit"
    },
    "profile": {
      "name": "Sears Holdings Corporation - Warrant",
      "market_cap": 0.0,
      "shares_outstanding": 107600000.0,
      "sic_description": "RETAIL-DEPARTMENT STORES",
      "primary_exchange": "XNAS",
      "is_ultra_low_float": false,
      "is_low_float": false,
      "is_micro_cap": false,
      "float_category": "medium",
      "has_data": true
    },
    "technicals": {
      "bar_count": 57,
      "bb_squeeze": {
        "is_squeezing": false
      },
      "volume_trend": {
        "is_drying": false,
        "volume_ratio": 8.495958814105448
      },
      "consolidation": {
        "is_consolidating": false,
        "range_pct": 1.4433110221260927
      },
      "volatility_rank": 50.0,
      "rsi": 49.09123954925481,
      "price_ma20": 0.18954999999999997,
      "price_ma50": 0.259822,
      "volume_ma20": 23598.8
    },
    "fundamentals": {
      "has_data": true,
      "revenue": 3182000000.0,
      "revenue_qoq_growth": 10.065721203735732,
      "revenue_yoy_growth": -26.017205301092773,
      "is_accelerating": false,
      "net_income": -508000000.0,
      "turning_profitable": false,
      "cash": 0.0,
      "total_debt": 0.0
    },
    "relative_strength": {
      "relative_strength": -0.1400166648353661,
      "consistently_strong": false,
      "strongly_outperforming": false
    },
    "news": {
      "article_count": 0,
      "primary_catalyst": "unknown",
      "themes": {
        "earnings": 0,
        "fda_approval": 0,
        "merger": 0,
        "contract": 0,
        "upgrade": 0,
        "other": 0
      }
    },
    "price_patterns": {
      "return_7d": 1.8,
      "return_30d": -0.034482758620689495,
      "return_60d": -0.15151515151515146,
      "return_90d": 0.0
    },
    "volume_profile": {
      "avg_volume": 10169.017543859649,
      "median_volume": 2060.0,
      "unusual_volume_days": 5,
      "dry_volume_days": 36
    },
    "scores": {
      "setup_score": 0,
      "technical_score": 0,
      "fundamental_score": 0,
      "catalyst_score": 0,
      "total_score": 0
    }
  },
  {
    "ticker": "TRMD",
    "catalyst_date": "2013-05-08",
    "explosion_metrics": {
      "gain_pct": 1994.5945945945948,
      "volume_spike": "23.9x",
      "exit_quality": "volatile_exit"
    },
    "profile": {
      "name": "TORM A/S AMERICAN DEPOSITARY SHARES",
      "market_cap": 0.0,
      "shares_outstanding": 0.0,
      "sic_description": "",
      "primary_exchange": "",
      "is_ultra_low_float": false,
      "is_low_float": false,
      "is_micro_cap": false,
      "float_category": "unknown",
      "has_data": true
    },
    "technicals": {
      "bar_count": 83,
      "bb_squeeze": {
        "is_squeezing": false,
        "current_width": 0.28334189370127333,
        "squeeze_ratio": 1.3344002540607252
      },
      "volume_trend": {
        "is_drying": false,
        "volume_ratio": 8.545407722094815
      },
      "consolidation": {
        "is_consolidating": false,
        "range_pct": 4.361464603159781
      },
      "volatility_rank": 98.38709677419355,
      "rsi": 90.7912627746831,
      "price_ma20": 1.536955,
      "price_ma50": 1.6247200000000002,
      "volume_ma20": 113649.65
    },
    "fundamentals": {
      "has_data": false
    },
    "relative_strength": {
      "relative_strength": 0.3942775566048891,
      "consistently_strong": true,
      "strongly_outperforming": true
    },
    "news": {
      "article_count": 0,
      "primary_catalyst": "unknown",
      "themes": {
        "earnings": 0,
        "fda_approval": 0,
        "merger": 0,
        "contract": 0,
        "upgrade": 0,
        "other": 0
      }
    },
    "price_patterns": {
      "return_7d": 3.2499999999999996,
      "return_30d": 2.053892215568862,
      "return_60d": 1.8491620111731841,
      "return_90d": 1.318181818181818
    },
    "volume_profile": {
      "avg_volume": 34819.43373493976,
      "median_volume": 6177.0,
      "unusual_volume_days": 3,
      "dry_volume_days": 66
    },
    "scores": {
      "setup_score": 0,
      "technical_score": 0,
      "fundamental_score": 0,
      "catalyst_score": 0,
      "total_score": 0
    }
  },
  {
    "ticker": "GBR",
    "catalyst_date": "2021-01-28",
    "explosion_metrics": {
      "gain_pct": 1631.2849162011173,
      "volume_spike": "182.9x",
      "exit_quality": "volatile_exit"
    },
    "profile": {
      "name": "New Concept Energy Inc",
      "market_cap": 7338665.62,
      "shares_outstanding": 5130000.0,
      "sic_description": "CRUDE PETROLEUM & NATURAL GAS",
      "primary_exchange": "XASE",
      "is_ultra_low_float": true,
      "is_low_float": true,
      "is_micro_cap": true,
      "float_category": "ultra_low",
      "has_data": true
    },
    "technicals": {
      "bar_count": 83,
      "bb_squeeze": {
        "is_squeezing": false,
        "current_width": 0.2177483148695946,
        "squeeze_ratio": 1.8555084260473431
      },
      "volume_trend": {
        "is_drying": false,
        "volume_ratio": 7.050986319308914
      },
      "consolidation": {
        "is_consolidating": false,
        "range_pct": 10.378457865794097
      },
      "volatility_rank": 96.7741935483871,
      "rsi": 98.35651074589128,
      "price_ma20": 3.3399050000000003,
      "price_ma50": 2.3964600000000003,
      "volume_ma20": 5106449.8
    },
    "fundamentals": {
      "has_data": true,
      "revenue": 38000.0,
      "revenue_qoq_growth": 2.7027027027027026,
      "revenue_yoy_growth": 8.571428571428571,
      "is_accelerating": false,
      "net_income": -20000.0,
      "turning_profitable": false,
      "cash": 0.0,
      "total_debt": 0.0
    },
    "relative_strength": {
      "relative_strength": 16.35489348657852,
      "consistently_strong": true,
      "strongly_outperforming": true
    },
    "news": {
      "article_count": 0,
      "primary_catalyst": "unknown",
      "themes": {
        "earnings": 0,
        "fda_approval": 0,
        "merger": 0,
        "contract": 0,
        "upgrade": 0,
        "other": 0
      }
    },
    "price_patterns": {
      "return_7d": 9.548523206751055,
      "return_30d": 9.245901639344263,
      "return_60d": 13.285714285714286,
      "return_90d": 15.778523489932887
    },
    "volume_profile": {
      "avg_volume": 1568400.4939759036,
      "median_volume": 155081.0,
      "unusual_volume_days": 2,
      "dry_volume_days": 74
    },
    "scores": {
      "setup_score": 80,
      "technical_score": 0,
      "fundamental_score": 0,
      "catalyst_score": 0,
      "total_score": 80
    }
  },
  {
    "ticker": "BBX",
    "catalyst_date": "2011-11-01",
    "explosion_metrics": {
      "gain_pct": 1566.6666666666667,
      "volume_spike": "17.3x",
      "exit_quality": "volatile_exit"
    },
    "profile": {
      "name": "BANKATLANTIC BANCORP INC CL A NEW (US)",
      "market_cap": 0.0,
      "shares_outstanding": 63131721.0,
      "sic_description": "SAVINGS INSTITUTION, FEDERALLY CHARTERED",
      "primary_exchange": "XNYS",
      "is_ultra_low_float": false,
      "is_low_float": false,
      "is_micro_cap": false,
      "float_category": "medium",
      "has_data": true
    },
    "technicals": {
      "bar_count": 85,
      "bb_squeeze": {
        "is_squeezing": false,
        "current_width": 1.4329912316161095,
        "squeeze_ratio": 3.532696503145856
      },
      "volume_trend": {
        "is_drying": false,
        "volume_ratio": 1.7715053562910164
      },
      "consolidation": {
        "is_consolidating": false,
        "range_pct": 4.812016878624553
      },
      "volatility_rank": 82.8125,
      "rsi": 90.98286744815148,
      "price_ma20": 1.73328,
      "price_ma50": 1.112862,
      "volume_ma20": 225601.65
    },
    "fundamentals": {
      "has_data": true,
      "revenue": 33582000.0,
      "revenue_qoq_growth": -9.919527896995708,
      "revenue_yoy_growth": 0.0,
      "is_accelerating": false,
      "net_income": -11794000.0,
      "turning_profitable": false,
      "cash": 0.0,
      "total_debt": 0.0
    },
    "relative_strength": {
      "relative_strength": 4.52361793597347,
      "consistently_strong": true,
      "strongly_outperforming": true
    },
    "news": {
      "article_count": 0,
      "primary_catalyst": "unknown",
      "themes": {
        "earnings": 0,
        "fda_approval": 0,
        "merger": 0,
        "contract": 0,
        "upgrade": 0,
        "other": 0
      }
    },
    "price_patterns": {
      "return_7d": 0.8656716417910446,
      "return_30d": 8.25925925925926,
      "return_60d": 5.493506493506494,
      "return_90d": 4.9523809523809526
    },
    "volume_profile": {
      "avg_volume": 218668.03529411764,
      "median_volume": 119533.0,
      "unusual_volume_days": 13,
      "dry_volume_days": 40
    },
    "scores": {
      "setup_score": 0,
      "technical_score": 0,
      "fundamental_score": 0,
      "catalyst_score": 0,
      "total_score": 0
    }
  },
  {
    "ticker": "LIFW",
    "catalyst_date": "2023-11-06",
    "explosion_metrics": {
      "gain_pct": 1564.7428571428572,
      "volume_spike": "23.0x",
      "exit_quality": "volatile_exit"
    },
    "profile": {
      "name": "MSP Recovery, Inc. Class A Common Stock",
      "market_cap": 22890557.79,
      "shares_outstanding": 76010000.0,
      "sic_description": "SERVICES-COMPUTER PROCESSING & DATA PREPARATION",
      "primary_exchange": "XNAS",
      "is_ultra_low_float": false,
      "is_low_float": false,
      "is_micro_cap": true,
      "float_category": "medium",
      "has_data": true
    },
    "technicals": {
      "bar_count": 85,
      "bb_squeeze": {
        "is_squeezing": false,
        "current_width": 0.9924288703901933,
        "squeeze_ratio": 1.4085311678494643
      },
      "volume_trend": {
        "is_drying": false,
        "volume_ratio": 1.1311189035853704
      },
      "consolidation": {
        "is_consolidating": false,
        "range_pct": 4.953335175740523
      },
      "volatility_rank": 59.375,
      "rsi": 90.64935064935065,
      "price_ma20": 61.81875,
      "price_ma50": 76.21875,
      "volume_ma20": 214301.91071999999
    },
    "fundamentals": {
      "has_data": true,
      "revenue": 3668000.0,
      "revenue_qoq_growth": 988.4272997032641,
      "revenue_yoy_growth": 44.295830055074745,
      "is_accelerating": false,
      "net_income": -190384000.0,
      "turning_profitable": false,
      "cash": 0.0,
      "total_debt": 0.0
    },
    "relative_strength": {
      "relative_strength": 0.29698432605982383,
      "consistently_strong": true,
      "strongly_outperforming": true
    },
    "news": {
      "article_count": 9,
      "primary_catalyst": "earnings",
      "themes": {
        "earnings": 6,
        "fda_approval": 0,
        "merger": 1,
        "contract": 0,
        "upgrade": 0,
        "other": 2
      }
    },
    "price_patterns": {
      "return_7d": 4.744047619047619,
      "return_30d": 1.3507917174177833,
      "return_60d": 4.316804407713499,
      "return_90d": 1.5784903139612558
    },
    "volume_profile": {
      "avg_volume": 96276.26815999998,
      "median_volume": 3893.7136,
      "unusual_volume_days": 10,
      "dry_volume_days": 69
    },
    "scores": {
      "setup_score": 30,
      "technical_score": 0,
      "fundamental_score": 0,
      "catalyst_score": 50,
      "total_score": 80
    }
  },
  {
    "ticker": "BRLIR",
    "catalyst_date": "2023-12-01",
    "explosion_metrics": {
      "gain_pct": 1532.2448979591834,
      "volume_spike": "13.0x",
      "exit_quality": "volatile_exit"
    },
    "profile": {
      "name": "Brilliant Acquisition Corporation Rights",
      "market_cap": 0.0,
      "shares_outstanding": 0.0,
      "sic_description": "BLANK CHECKS",
      "primary_exchange": "XNAS",
      "is_ultra_low_float": false,
      "is_low_float": false,
      "is_micro_cap": false,
      "float_category": "unknown",
      "has_data": true
    },
    "technicals": {
      "bar_count": 57,
      "bb_squeeze": {
        "is_squeezing": false
      },
      "volume_trend": {
        "is_drying": false,
        "volume_ratio": 5.357210857784503
      },
      "consolidation": {
        "is_consolidating": false,
        "range_pct": 1.4854377720902288
      },
      "volatility_rank": 50.0,
      "rsi": 89.70998028497635,
      "price_ma20": 0.2371601,
      "price_ma50": 0.21243604000000002,
      "volume_ma20": 21946.35
    },
    "fundamentals": {
      "has_data": true,
      "revenue": 0.0,
      "revenue_qoq_growth": 0.0,
      "revenue_yoy_growth": 0.0,
      "is_accelerating": false,
      "net_income": -126062.0,
      "turning_profitable": false,
      "cash": 0.0,
      "total_debt": 0.0
    },
    "relative_strength": {
      "relative_strength": 0.8187200221389405,
      "consistently_strong": true,
      "strongly_outperforming": true
    },
    "news": {
      "article_count": 1,
      "primary_catalyst": "merger",
      "themes": {
        "earnings": 0,
        "fda_approval": 0,
        "merger": 1,
        "contract": 0,
        "upgrade": 0,
        "other": 0
      }
    },
    "price_patterns": {
      "return_7d": 0.2073844030365769,
      "return_30d": 1.570903747244673,
      "return_60d": 0.841578947368421,
      "return_90d": 0.7494999999999998
    },
    "volume_profile": {
      "avg_volume": 10955.578947368422,
      "median_volume": 2743.0,
      "unusual_volume_days": 7,
      "dry_volume_days": 35
    },
    "scores": {
      "setup_score": 0,
      "technical_score": 0,
      "fundamental_score": 0,
      "catalyst_score": 50,
      "total_score": 50
    }
  },
  {
    "ticker": "CGNT",
    "catalyst_date": "2018-03-12",
    "explosion_metrics": {
      "gain_pct": 1465.4205607476633,
      "volume_spike": "60.2x",
      "exit_quality": "sustained_move"
    },
    "profile": {
      "name": "Cogentix Medical, Inc.",
      "market_cap": 0.0,
      "shares_outstanding": 60920000.0,
      "sic_description": "ELECTROMEDICAL & ELECTROTHERAPEUTIC APPARATUS",
      "primary_exchange": "XNAS",
      "is_ultra_low_float": false,
      "is_low_float": false,
      "is_micro_cap": false,
      "float_category": "medium",
      "has_data": true
    },
    "technicals": {
      "bar_count": 81,
      "bb_squeeze": {
        "is_squeezing": false,
        "current_width": 0.08926506686440254,
        "squeeze_ratio": 1.4342365511078516
      },
      "volume_trend": {
        "is_drying": false,
        "volume_ratio": 6.576547907940808
      },
      "consolidation": {
        "is_consolidating": false,
        "range_pct": 0.46621621621621634
      },
      "volatility_rank": 76.66666666666667,
      "rsi": 80.95238095238093,
      "price_ma20": 3.0484999999999998,
      "price_ma50": 2.9444,
      "volume_ma20": 283338.4
    },
    "fundamentals": {
      "has_data": true,
      "revenue": 13765065.0,
      "revenue_qoq_growth": -2.1270364448327586,
      "revenue_yoy_growth": 5.847246496657235,
      "is_accelerating": false,
      "net_income": -160089.0,
      "turning_profitable": false,
      "cash": 0.0,
      "total_debt": 0.0
    },
    "relative_strength": {
      "relative_strength": 0.3633535867900426,
      "consistently_strong": true,
      "strongly_outperforming": true
    },
    "news": {
      "article_count": 0,
      "primary_catalyst": "unknown",
      "themes": {
        "earnings": 0,
        "fda_approval": 0,
        "merger": 0,
        "contract": 0,
        "upgrade": 0,
        "other": 0
      }
    },
    "price_patterns": {
      "return_7d": 0.2607260726072608,
      "return_30d": 0.3642857142857143,
      "return_60d": 0.28187919463087246,
      "return_90d": 0.3217993079584774
    },
    "volume_profile": {
      "avg_volume": 118815.81481481482,
      "median_volume": 46502.0,
      "unusual_volume_days": 4,
      "dry_volume_days": 54
    },
    "scores": {
      "setup_score": 0,
      "technical_score": 0,
      "fundamental_score": 0,
      "catalyst_score": 0,
      "total_score": 0
    }
  },
  {
    "ticker": "TRMD",
    "catalyst_date": "2012-10-02",
    "explosion_metrics": {
      "gain_pct": 1432.5670498084291,
      "volume_spike": "7.3x",
      "exit_quality": "sustained_move"
    },
    "profile": {
      "name": "TORM A/S AMERICAN DEPOSITARY SHARES",
      "market_cap": 0.0,
      "shares_outstanding": 0.0,
      "sic_description": "",
      "primary_exchange": "",
      "is_ultra_low_float": false,
      "is_low_float": false,
      "is_micro_cap": false,
      "float_category": "unknown",
      "has_data": true
    },
    "technicals": {
      "bar_count": 83,
      "bb_squeeze": {
        "is_squeezing": true,
        "current_width": 0.13301537043498257,
        "squeeze_ratio": 0.5075114163036019
      },
      "volume_trend": {
        "is_drying": false,
        "volume_ratio": 0.7668142455378275
      },
      "consolidation": {
        "is_consolidating": false,
        "range_pct": 0.41369472182596273
      },
      "volatility_rank": 66.12903225806451,
      "rsi": 63.44238975817923,
      "price_ma20": 0.48251999999999995,
      "price_ma50": 0.5325300000000001,
      "volume_ma20": 6884.65
    },
    "fundamentals": {
      "has_data": false
    },
    "relative_strength": {
      "relative_strength": 0.7864612990309997,
      "consistently_strong": true,
      "strongly_outperforming": true
    },
    "news": {
      "article_count": 0,
      "primary_catalyst": "unknown",
      "themes": {
        "earnings": 0,
        "fda_approval": 0,
        "merger": 0,
        "contract": 0,
        "upgrade": 0,
        "other": 0
      }
    },
    "price_patterns": {
      "return_7d": 0.22448979591836732,
      "return_30d": 0.3636363636363636,
      "return_60d": 0.0905125408942202,
      "return_90d": 0.8749999999999999
    },
    "volume_profile": {
      "avg_volume": 13039.795180722891,
      "median_volume": 6160.0,
      "unusual_volume_days": 11,
      "dry_volume_days": 42
    },
    "scores": {
      "setup_score": 0,
      "technical_score": 40,
      "fundamental_score": 0,
      "catalyst_score": 0,
      "total_score": 40
    }
  },
  {
    "ticker": "VTGN",
    "catalyst_date": "2023-08-07",
    "explosion_metrics": {
      "gain_pct": 1425.3086419753085,
      "volume_spike": "205.5x",
      "exit_quality": "volatile_exit"
    },
    "profile": {
      "name": "VistaGen Therapeutics, Inc. Common Stock",
      "market_cap": 29916127.097999997,
      "shares_outstanding": 219330000.0,
      "sic_description": "PHARMACEUTICAL PREPARATIONS",
      "primary_exchange": "XNAS",
      "is_ultra_low_float": false,
      "is_low_float": false,
      "is_micro_cap": true,
      "float_category": "high",
      "has_data": true
    },
    "technicals": {
      "bar_count": 83,
      "bb_squeeze": {
        "is_squeezing": true,
        "current_width": 0.08988305519434378,
        "squeeze_ratio": 0.38750839618794053
      },
      "volume_trend": {
        "is_drying": false,
        "volume_ratio": 8.080937130050751
      },
      "consolidation": {
        "is_consolidating": false,
        "range_pct": 10.640552995391705
      },
      "volatility_rank": 24.193548387096776,
      "rsi": 97.07112970711297,
      "price_ma20": 2.3385,
      "price_ma50": 2.43916,
      "volume_ma20": 2803118.3
    },
    "fundamentals": {
      "has_data": true,
      "revenue": 244000.0,
      "revenue_qoq_growth": 4.273504273504273,
      "revenue_yoy_growth": -40.690325717063686,
      "is_accelerating": false,
      "net_income": -15095000.0,
      "turning_profitable": false,
      "cash": 0.0,
      "total_debt": 0.0
    },
    "relative_strength": {
      "relative_strength": 2.399258400201452,
      "consistently_strong": true,
      "strongly_outperforming": true
    },
    "news": {
      "article_count": 11,
      "primary_catalyst": "earnings",
      "themes": {
        "earnings": 5,
        "fda_approval": 0,
        "merger": 1,
        "contract": 1,
        "upgrade": 0,
        "other": 4
      }
    },
    "price_patterns": {
      "return_7d": 6.170329670329671,
      "return_30d": 6.331460674157304,
      "return_60d": 4.15810276679842,
      "return_90d": 2.251121076233184
    },
    "volume_profile": {
      "avg_volume": 833200.6546216868,
      "median_volume": 100120.0,
      "unusual_volume_days": 1,
      "dry_volume_days": 72
    },
    "scores": {
      "setup_score": 30,
      "technical_score": 40,
      "fundamental_score": 0,
      "catalyst_score": 50,
      "total_score": 120
    }
  },
  {
    "ticker": "PED",
    "catalyst_date": "2018-06-27",
    "explosion_metrics": {
      "gain_pct": 1405.0847457627121,
      "volume_spike": "190.2x",
      "exit_quality": "unknown"
    },
    "profile": {
      "name": "PEDEVCO Corp.",
      "market_cap": 25254639.8797,
      "shares_outstanding": 6090000.0,
      "sic_description": "CRUDE PETROLEUM & NATURAL GAS",
      "primary_exchange": "XASE",
      "is_ultra_low_float": true,
      "is_low_float": true,
      "is_micro_cap": true,
      "float_category": "ultra_low",
      "has_data": true
    },
    "technicals": {
      "bar_count": 85,
      "bb_squeeze": {
        "is_squeezing": true,
        "current_width": 0.03806340796949299,
        "squeeze_ratio": 0.58502027568571
      },
      "volume_trend": {
        "is_drying": false,
        "volume_ratio": 18.637296460159465
      },
      "consolidation": {
        "is_consolidating": false,
        "range_pct": 6.482161144700097
      },
      "volatility_rank": 1.5625,
      "rsi": 98.8504029921109,
      "price_ma20": 0.41455889999999995,
      "price_ma50": 0.3605491,
      "volume_ma20": 1176334.9
    },
    "fundamentals": {
      "has_data": true,
      "revenue": 6972000.0,
      "revenue_qoq_growth": -20.192307692307693,
      "revenue_yoy_growth": -14.095613602759979,
      "is_accelerating": false,
      "net_income": -1676000.0,
      "turning_profitable": false,
      "cash": 0.0,
      "total_debt": 0.0
    },
    "relative_strength": {
      "relative_strength": 6.921145307129487,
      "consistently_strong": true,
      "strongly_outperforming": true
    },
    "news": {
      "article_count": 0,
      "primary_catalyst": "unknown",
      "themes": {
        "earnings": 0,
        "fda_approval": 0,
        "merger": 0,
        "contract": 0,
        "upgrade": 0,
        "other": 0
      }
    },
    "price_patterns": {
      "return_7d": 6.523809523809525,
      "return_30d": 6.6923076923076925,
      "return_60d": 6.476340694006309,
      "return_90d": 6.89736754415195
    },
    "volume_profile": {
      "avg_volume": 375807.76470588235,
      "median_volume": 65569.0,
      "unusual_volume_days": 4,
      "dry_volume_days": 72
    },
    "scores": {
      "setup_score": 80,
      "technical_score": 40,
      "fundamental_score": 0,
      "catalyst_score": 0,
      "total_score": 120
    }
  },
  {
    "ticker": "OXBRW",
    "catalyst_date": "2020-08-11",
    "explosion_metrics": {
      "gain_pct": 1293.0348258706467,
      "volume_spike": "88.6x",
      "exit_quality": "volatile_exit"
    },
    "profile": {
      "name": "Oxbridge Re Holdings Limited Warrant expiring 3/26/2024",
      "market_cap": 0.0,
      "shares_outstanding": 5730000.0,
      "sic_description": "FIRE, MARINE & CASUALTY INSURANCE",
      "primary_exchange": "XNAS",
      "is_ultra_low_float": true,
      "is_low_float": true,
      "is_micro_cap": false,
      "float_category": "ultra_low",
      "has_data": true
    },
    "technicals": {
      "bar_count": 69,
      "bb_squeeze": {
        "is_squeezing": false,
        "current_width": 0.3832667285980965,
        "squeeze_ratio": 0.9112837071741127
      },
      "volume_trend": {
        "is_drying": false,
        "volume_ratio": 3.2266898215773474
      },
      "consolidation": {
        "is_consolidating": false,
        "range_pct": 7.803154068601326
      },
      "volatility_rank": 2.083333333333333,
      "rsi": 83.79850504463637,
      "price_ma20": 0.06104504999999999,
      "price_ma50": 0.06082599999999999,
      "volume_ma20": 149106.95
    },
    "fundamentals": {
      "has_data": true,
      "revenue": 645000.0,
      "revenue_qoq_growth": -2.86144578313253,
      "revenue_yoy_growth": 1365.9090909090908,
      "is_accelerating": true,
      "net_income": -187000.0,
      "turning_profitable": false,
      "cash": 0.0,
      "total_debt": 0.0
    },
    "relative_strength": {
      "relative_strength": 2.0143273858357653,
      "consistently_strong": true,
      "strongly_outperforming": true
    },
    "news": {
      "article_count": 0,
      "primary_catalyst": "unknown",
      "themes": {
        "earnings": 0,
        "fda_approval": 0,
        "merger": 0,
        "contract": 0,
        "upgrade": 0,
        "other": 0
      }
    },
    "price_patterns": {
      "return_7d": 1.9712837837837838,
      "return_30d": 1.5529753265602322,
      "return_60d": 2.5180000000000002,
      "return_90d": 7.795000000000001
    },
    "volume_profile": {
      "avg_volume": 59747.565217391304,
      "median_volume": 7179.0,
      "unusual_volume_days": 2,
      "dry_volume_days": 59
    },
    "scores": {
      "setup_score": 50,
      "technical_score": 0,
      "fundamental_score": 50,
      "catalyst_score": 0,
      "total_score": 100
    }
  },
  {
    "ticker": "TAN",
    "catalyst_date": "2012-01-11",
    "explosion_metrics": {
      "gain_pct": 1234.7107438016528,
      "volume_spike": "5.5x",
      "exit_quality": "unknown"
    },
    "profile": {
      "name": "CLAYMORE GUGGENHEIM SOLAR ENERGY ETF",
      "market_cap": 0.0,
      "shares_outstanding": 11520000.0,
      "sic_description": "",
      "primary_exchange": "ARCX",
      "is_ultra_low_float": true,
      "is_low_float": true,
      "is_micro_cap": false,
      "float_category": "very_low",
      "has_data": true
    },
    "technicals": {
      "bar_count": 84,
      "bb_squeeze": {
        "is_squeezing": false,
        "current_width": 0.13038397818530206,
        "squeeze_ratio": 1.0489201129103511
      },
      "volume_trend": {
        "is_drying": false,
        "volume_ratio": 1.0691726361817833
      },
      "consolidation": {
        "is_consolidating": true,
        "range_pct": 0.2654658076403241
      },
      "volatility_rank": 36.507936507936506,
      "rsi": 61.20689655172415,
      "price_ma20": 2.6270000000000002,
      "price_ma50": 2.9107299999999996,
      "volume_ma20": 413957.45
    },
    "fundamentals": {
      "has_data": true,
      "revenue": 1640400000.0,
      "revenue_qoq_growth": 8.241504453975585,
      "revenue_yoy_growth": 0.6750951270406285,
      "is_accelerating": false,
      "net_income": 356400000.0,
      "turning_profitable": false,
      "cash": 0.0,
      "total_debt": 1624600000.0
    },
    "relative_strength": {
      "relative_strength": -0.44874308515361794,
      "consistently_strong": false,
      "strongly_outperforming": false
    },
    "news": {
      "article_count": 0,
      "primary_catalyst": "unknown",
      "themes": {
        "earnings": 0,
        "fda_approval": 0,
        "merger": 0,
        "contract": 0,
        "upgrade": 0,
        "other": 0
      }
    },
    "price_patterns": {
      "return_7d": 0.1455938697318009,
      "return_30d": 0.045454545454545574,
      "return_60d": -0.050793650793650696,
      "return_90d": -0.13583815028901727
    },
    "volume_profile": {
      "avg_volume": 464005.28571428574,
      "median_volume": 372685.0,
      "unusual_volume_days": 5,
      "dry_volume_days": 15
    },
    "scores": {
      "setup_score": 50,
      "technical_score": 30,
      "fundamental_score": 0,
      "catalyst_score": 0,
      "total_score": 80
    }
  },
  {
    "ticker": "URRE",
    "catalyst_date": "2012-12-17",
    "explosion_metrics": {
      "gain_pct": 1230.0000000000002,
      "volume_spike": "5.7x",
      "exit_quality": "sustained_move"
    },
    "profile": {
      "name": "Uranium Resources, Inc. New Common Stock",
      "market_cap": 0.0,
      "shares_outstanding": 0.0,
      "sic_description": "METAL MINING",
      "primary_exchange": "XNAS",
      "is_ultra_low_float": false,
      "is_low_float": false,
      "is_micro_cap": false,
      "float_category": "unknown",
      "has_data": true
    },
    "technicals": {
      "bar_count": 82,
      "bb_squeeze": {
        "is_squeezing": true,
        "current_width": 0.10294555609063967,
        "squeeze_ratio": 0.6651551355234511
      },
      "volume_trend": {
        "is_drying": false,
        "volume_ratio": 0.7742227675134792
      },
      "consolidation": {
        "is_consolidating": false,
        "range_pct": 0.3390053958358837
      },
      "volatility_rank": 34.42622950819672,
      "rsi": 66.17965367965365,
      "price_ma20": 0.34175,
      "price_ma50": 0.38492000000000004,
      "volume_ma20": 511266.25
    },
    "fundamentals": {
      "has_data": true,
      "revenue": 0.0,
      "revenue_qoq_growth": -100.0,
      "revenue_yoy_growth": 0.0,
      "is_accelerating": false,
      "net_income": -2898000.0,
      "turning_profitable": false,
      "cash": 0.0,
      "total_debt": 0.0
    },
    "relative_strength": {
      "relative_strength": -0.18081622627650895,
      "consistently_strong": false,
      "strongly_outperforming": false
    },
    "news": {
      "article_count": 0,
      "primary_catalyst": "unknown",
      "themes": {
        "earnings": 0,
        "fda_approval": 0,
        "merger": 0,
        "contract": 0,
        "upgrade": 0,
        "other": 0
      }
    },
    "price_patterns": {
      "return_7d": 0.265432098765432,
      "return_30d": 0.2424242424242423,
      "return_60d": -0.029126213592233087,
      "return_90d": -0.3166666666666667
    },
    "volume_profile": {
      "avg_volume": 713727.8170731707,
      "median_volume": 588114.5,
      "unusual_volume_days": 6,
      "dry_volume_days": 21
    },
    "scores": {
      "setup_score": 0,
      "technical_score": 40,
      "fundamental_score": 0,
      "catalyst_score": 0,
      "total_score": 40
    }
  },
  {
    "ticker": "ELYS",
    "catalyst_date": "2022-12-27",
    "explosion_metrics": {
      "gain_pct": 1224.3243243243242,
      "volume_spike": "91.5x",
      "exit_quality": "volatile_exit"
    },
    "profile": {
      "name": "Elys Game Technology, Corp. Common Stock",
      "market_cap": 14773445.500000002,
      "shares_outstanding": 26860000.0,
      "sic_description": "SERVICES-PREPACKAGED SOFTWARE",
      "primary_exchange": "XNAS",
      "is_ultra_low_float": false,
      "is_low_float": true,
      "is_micro_cap": true,
      "float_category": "low",
      "has_data": true
    },
    "technicals": {
      "bar_count": 84,
      "bb_squeeze": {
        "is_squeezing": false,
        "current_width": 0.35991979385353395,
        "squeeze_ratio": 1.3407306956210496
      },
      "volume_trend": {
        "is_drying": false,
        "volume_ratio": 42.24316066678366
      },
      "consolidation": {
        "is_consolidating": false,
        "range_pct": 2.105776377375337
      },
      "volatility_rank": 98.4126984126984,
      "rsi": 76.97031729785056,
      "price_ma20": 0.15983495,
      "price_ma50": 0.24139035999999997,
      "volume_ma20": 6969025.3
    },
    "fundamentals": {
      "has_data": true,
      "revenue": 8464591.0,
      "revenue_qoq_growth": -25.3342237793364,
      "revenue_yoy_growth": -18.198610613820318,
      "is_accelerating": false,
      "net_income": -3300250.0,
      "turning_profitable": false,
      "cash": 0.0,
      "total_debt": 0.0
    },
    "relative_strength": {
      "relative_strength": -0.27454441591987233,
      "consistently_strong": false,
      "strongly_outperforming": false
    },
    "news": {
      "article_count": 14,
      "primary_catalyst": "other",
      "themes": {
        "earnings": 2,
        "fda_approval": 3,
        "merger": 0,
        "contract": 0,
        "upgrade": 0,
        "other": 9
      }
    },
    "price_patterns": {
      "return_7d": 2.217391304347826,
      "return_30d": 1.0555555555555556,
      "return_60d": 0.10086283844094016,
      "return_90d": -0.21759357157961512
    },
    "volume_profile": {
      "avg_volume": 1750240.0714285714,
      "median_volume": 119561.5,
      "unusual_volume_days": 3,
      "dry_volume_days": 78
    },
    "scores": {
      "setup_score": 60,
      "technical_score": 0,
      "fundamental_score": 0,
      "catalyst_score": 0,
      "total_score": 60
    }
  },
  {
    "ticker": "AEHR",
    "catalyst_date": "2021-07-19",
    "explosion_metrics": {
      "gain_pct": 1202.403846153846,
      "volume_spike": "67.9x",
      "exit_quality": "sustained_move"
    },
    "profile": {
      "name": "Aehr Test Systems",
      "market_cap": 69845080.95,
      "shares_outstanding": 23310000.0,
      "sic_description": "INSTRUMENTS FOR MEAS & TESTING OF ELECTRICITY & ELEC SIGNALS",
      "primary_exchange": "XNAS",
      "is_ultra_low_float": false,
      "is_low_float": true,
      "is_micro_cap": true,
      "float_category": "low",
      "has_data": true
    },
    "technicals": {
      "bar_count": 83,
      "bb_squeeze": {
        "is_squeezing": false,
        "current_width": 0.104708113030722,
        "squeeze_ratio": 0.8030513816245498
      },
      "volume_trend": {
        "is_drying": false,
        "volume_ratio": 26.80773071385997
      },
      "consolidation": {
        "is_consolidating": false,
        "range_pct": 1.5761321763936762
      },
      "volatility_rank": 98.38709677419355,
      "rsi": 87.82961460446248,
      "price_ma20": 2.8905,
      "price_ma50": 2.5869,
      "volume_ma20": 11262056.35
    },
    "fundamentals": {
      "has_data": true,
      "revenue": 10969000.0,
      "revenue_qoq_growth": -40.08302834981154,
      "revenue_yoy_growth": -48.81713405814008,
      "is_accelerating": false,
      "net_income": -2084000.0,
      "turning_profitable": false,
      "cash": 0.0,
      "total_debt": 0.0
    },
    "relative_strength": {
      "relative_strength": 1.3847035640255028,
      "consistently_strong": true,
      "strongly_outperforming": true
    },
    "news": {
      "article_count": 2,
      "primary_catalyst": "other",
      "themes": {
        "earnings": 0,
        "fda_approval": 0,
        "merger": 0,
        "contract": 0,
        "upgrade": 0,
        "other": 2
      }
    },
    "price_patterns": {
      "return_7d": 1.13,
      "return_30d": 1.5870445344129551,
      "return_60d": 1.7782608695652176,
      "return_90d": 2.072115384615384
    },
    "volume_profile": {
      "avg_volume": 2993259.8554216865,
      "median_volume": 180439.0,
      "unusual_volume_days": 2,
      "dry_volume_days": 78
    },
    "scores": {
      "setup_score": 60,
      "technical_score": 0,
      "fundamental_score": 0,
      "catalyst_score": 0,
      "total_score": 60
    }
  },
  {
    "ticker": "CAPR",
    "catalyst_date": "2020-04-08",
    "explosion_metrics": {
      "gain_pct": 1183.3333333333335,
      "volume_spike": "9.0x",
      "exit_quality": "volatile_exit"
    },
    "profile": {
      "name": "Capricor Therapeutics Inc",
      "market_cap": 34050308.55,
      "shares_outstanding": 4250000.0,
      "sic_description": "PHARMACEUTICAL PREPARATIONS",
      "primary_exchange": "XNAS",
      "is_ultra_low_float": true,
      "is_low_float": true,
      "is_micro_cap": true,
      "float_category": "ultra_low",
      "has_data": true
    },
    "technicals": {
      "bar_count": 83,
      "bb_squeeze": {
        "is_squeezing": false,
        "current_width": 0.4299390749141295,
        "squeeze_ratio": 1.6729182803338607
      },
      "volume_trend": {
        "is_drying": false,
        "volume_ratio": 16.108319283622674
      },
      "consolidation": {
        "is_consolidating": false,
        "range_pct": 1.1444196316695163
      },
      "volatility_rank": 90.32258064516128,
      "rsi": 60.71428571428572,
      "price_ma20": 1.2445,
      "price_ma50": 1.290868,
      "volume_ma20": 2677609.4
    },
    "fundamentals": {
      "has_data": true,
      "revenue": 0.0,
      "revenue_qoq_growth": 0.0,
      "revenue_yoy_growth": -100.0,
      "is_accelerating": false,
      "net_income": -25910791.0,
      "turning_profitable": false,
      "cash": 0.0,
      "total_debt": 0.0
    },
    "relative_strength": {
      "relative_strength": 0.38839610176772266,
      "consistently_strong": true,
      "strongly_outperforming": true
    },
    "news": {
      "article_count": 0,
      "primary_catalyst": "unknown",
      "themes": {
        "earnings": 0,
        "fda_approval": 0,
        "merger": 0,
        "contract": 0,
        "upgrade": 0,
        "other": 0
      }
    },
    "price_patterns": {
      "return_7d": 0.648148148148148,
      "return_30d": 0.8936170212765959,
      "return_60d": 0.24475524475524482,
      "return_90d": 0.017142857142857158
    },
    "volume_profile": {
      "avg_volume": 798961.3975903614,
      "median_volume": 175272.0,
      "unusual_volume_days": 7,
      "dry_volume_days": 64
    },
    "scores": {
      "setup_score": 80,
      "technical_score": 0,
      "fundamental_score": 0,
      "catalyst_score": 0,
      "total_score": 80
    }
  },
  {
    "ticker": "CRKN",
    "catalyst_date": "2024-05-16",
    "explosion_metrics": {
      "gain_pct": 1180.193236714976,
      "volume_spike": "128.8x",
      "exit_quality": "volatile_exit"
    },
    "profile": {
      "name": "Crown Electrokinetics Corp. Common Stock",
      "market_cap": 1534077.777,
      "shares_outstanding": 12640000.0,
      "sic_description": "ELECTRONIC COMPONENTS, NEC",
      "primary_exchange": "XNAS",
      "is_ultra_low_float": true,
      "is_low_float": true,
      "is_micro_cap": true,
      "float_category": "very_low",
      "has_data": true
    },
    "technicals": {
      "bar_count": 85,
      "bb_squeeze": {
        "is_squeezing": true,
        "current_width": 0.12620675464851988,
        "squeeze_ratio": 0.5881235630517758
      },
      "volume_trend": {
        "is_drying": false,
        "volume_ratio": 49.96709947795352
      },
      "consolidation": {
        "is_consolidating": false,
        "range_pct": 8.71358934728332
      },
      "volatility_rank": 51.5625,
      "rsi": 92.80217292892712,
      "price_ma20": 1295.775,
      "price_ma50": 1320.165,
      "volume_ma20": 9339.378545
    },
    "fundamentals": {
      "has_data": true,
      "revenue": 8037000.0,
      "revenue_qoq_growth": 72.9130808950086,
      "revenue_yoy_growth": 21621.621621621623,
      "is_accelerating": true,
      "net_income": -5864000.0,
      "turning_profitable": false,
      "cash": 0.0,
      "total_debt": 438000.0
    },
    "relative_strength": {
      "relative_strength": 0.8575175954879033,
      "consistently_strong": true,
      "strongly_outperforming": true
    },
    "news": {
      "article_count": 1,
      "primary_catalyst": "other",
      "themes": {
        "earnings": 0,
        "fda_approval": 0,
        "merger": 0,
        "contract": 0,
        "upgrade": 0,
        "other": 1
      }
    },
    "price_patterns": {
      "return_7d": 4.1063829787234045,
      "return_30d": 4.0,
      "return_60d": 3.0268456375838926,
      "return_90d": 1.385685884691849
    },
    "volume_profile": {
      "avg_volume": 2309.591185882353,
      "median_volume": 122.6144,
      "unusual_volume_days": 3,
      "dry_volume_days": 82
    },
    "scores": {
      "setup_score": 80,
      "technical_score": 40,
      "fundamental_score": 50,
      "catalyst_score": 0,
      "total_score": 170
    }
  },
  {
    "ticker": "CAPR",
    "catalyst_date": "2020-03-24",
    "explosion_metrics": {
      "gain_pct": 1159.090909090909,
      "volume_spike": "64.6x",
      "exit_quality": "volatile_exit"
    },
    "profile": {
      "name": "Capricor Therapeutics Inc",
      "market_cap": 44434445.2,
      "shares_outstanding": 4250000.0,
      "sic_description": "PHARMACEUTICAL PREPARATIONS",
      "primary_exchange": "XNAS",
      "is_ultra_low_float": true,
      "is_low_float": true,
      "is_micro_cap": true,
      "float_category": "ultra_low",
      "has_data": true
    },
    "technicals": {
      "bar_count": 82,
      "bb_squeeze": {
        "is_squeezing": false,
        "current_width": 0.228387363933992,
        "squeeze_ratio": 0.9696190687452957
      },
      "volume_trend": {
        "is_drying": false,
        "volume_ratio": 7.984603903524895
      },
      "consolidation": {
        "is_consolidating": false,
        "range_pct": 1.0569900637471528
      },
      "volatility_rank": 52.459016393442624,
      "rsi": 70.42253521126761,
      "price_ma20": 1.14267,
      "price_ma50": 1.389468,
      "volume_ma20": 937261.95
    },
    "fundamentals": {
      "has_data": true,
      "revenue": 0.0,
      "revenue_qoq_growth": 0.0,
      "revenue_yoy_growth": -100.0,
      "is_accelerating": false,
      "net_income": -25910791.0,
      "turning_profitable": false,
      "cash": 0.0,
      "total_debt": 0.0
    },
    "relative_strength": {
      "relative_strength": 0.18060189996267778,
      "consistently_strong": true,
      "strongly_outperforming": true
    },
    "news": {
      "article_count": 0,
      "primary_catalyst": "unknown",
      "themes": {
        "earnings": 0,
        "fda_approval": 0,
        "merger": 0,
        "contract": 0,
        "upgrade": 0,
        "other": 0
      }
    },
    "price_patterns": {
      "return_7d": 0.5714285714285713,
      "return_30d": 0.26618705035971235,
      "return_60d": -0.005649717514124299,
      "return_90d": 0.46666666666666673
    },
    "volume_profile": {
      "avg_volume": 368176.0,
      "median_volume": 147236.5,
      "unusual_volume_days": 4,
      "dry_volume_days": 54
    },
    "scores": {
      "setup_score": 80,
      "technical_score": 0,
      "fundamental_score": 0,
      "catalyst_score": 0,
      "total_score": 80
    }
  },
  {
    "ticker": "CTXRW",
    "catalyst_date": "2021-02-22",
    "explosion_metrics": {
      "gain_pct": 1156.5217391304348,
      "volume_spike": "15.5x",
      "exit_quality": "volatile_exit"
    },
    "profile": {
      "name": "Citius Pharmaceuticals, Inc. Warrant",
      "market_cap": 0.0,
      "shares_outstanding": 46320000.0,
      "sic_description": "PHARMACEUTICAL PREPARATIONS",
      "primary_exchange": "XNAS",
      "is_ultra_low_float": false,
      "is_low_float": true,
      "is_micro_cap": false,
      "float_category": "low",
      "has_data": true
    },
    "technicals": {
      "bar_count": 67,
      "bb_squeeze": {
        "is_squeezing": false,
        "current_width": 0.5505408461646434,
        "squeeze_ratio": 1.2312223719941684
      },
      "volume_trend": {
        "is_drying": false,
        "volume_ratio": 9.95270230893854
      },
      "consolidation": {
        "is_consolidating": false,
        "range_pct": 4.2481311680641705
      },
      "volatility_rank": 50.0,
      "rsi": 79.27397141974075,
      "price_ma20": 0.59845235,
      "price_ma50": 0.41168296,
      "volume_ma20": 42695.6
    },
    "fundamentals": {
      "has_data": true,
      "revenue": 0.0,
      "revenue_qoq_growth": 0.0,
      "revenue_yoy_growth": 0.0,
      "is_accelerating": false,
      "net_income": -8863632.0,
      "turning_profitable": false,
      "cash": 0.0,
      "total_debt": 0.0
    },
    "relative_strength": {
      "relative_strength": 4.592963846901794,
      "consistently_strong": true,
      "strongly_outperforming": true
    },
    "news": {
      "article_count": 0,
      "primary_catalyst": "unknown",
      "themes": {
        "earnings": 0,
        "fda_approval": 0,
        "merger": 0,
        "contract": 0,
        "upgrade": 0,
        "other": 0
      }
    },
    "price_patterns": {
      "return_7d": 2.44069502039412,
      "return_30d": 3.5322793148880107,
      "return_60d": 4.292307692307692,
      "return_90d": 6.166666666666667
    },
    "volume_profile": {
      "avg_volume": 16257.865671641792,
      "median_volume": 3191.0,
      "unusual_volume_days": 6,
      "dry_volume_days": 43
    },
    "scores": {
      "setup_score": 30,
      "technical_score": 0,
      "fundamental_score": 0,
      "catalyst_score": 0,
      "total_score": 30
    }
  },
  {
    "ticker": "QMCO",
    "catalyst_date": "2024-11-21",
    "explosion_metrics": {
      "gain_pct": 1151.3468468468468,
      "volume_spike": "31.0x",
      "exit_quality": "unknown"
    },
    "profile": {
      "name": "Quantum Corporation",
      "market_cap": 40161124.022,
      "shares_outstanding": 95850000.0,
      "sic_description": "COMPUTER STORAGE DEVICES",
      "primary_exchange": "XNAS",
      "is_ultra_low_float": false,
      "is_low_float": false,
      "is_micro_cap": true,
      "float_category": "medium",
      "has_data": true
    },
    "technicals": {
      "bar_count": 86,
      "bb_squeeze": {
        "is_squeezing": false,
        "current_width": 0.2786526386381266,
        "squeeze_ratio": 0.9163902644485326
      },
      "volume_trend": {
        "is_drying": false,
        "volume_ratio": 3.671352956117758
      },
      "consolidation": {
        "is_consolidating": false,
        "range_pct": 0.7068617954289604
      },
      "volatility_rank": 92.3076923076923,
      "rsi": 48.129251700680264,
      "price_ma20": 4.1915,
      "price_ma50": 3.8857040000000005,
      "volume_ma20": 134422.55
    },
    "fundamentals": {
      "has_data": true,
      "revenue": 64286000.0,
      "revenue_qoq_growth": -8.774070868041266,
      "revenue_yoy_growth": -9.89165019693593,
      "is_accelerating": false,
      "net_income": -17206000.0,
      "turning_profitable": false,
      "cash": 0.0,
      "total_debt": 0.0
    },
    "relative_strength": {
      "relative_strength": -0.6171768124554268,
      "consistently_strong": false,
      "strongly_outperforming": false
    },
    "news": {
      "article_count": 0,
      "primary_catalyst": "unknown",
      "themes": {
        "earnings": 0,
        "fda_approval": 0,
        "merger": 0,
        "contract": 0,
        "upgrade": 0,
        "other": 0
      }
    },
    "price_patterns": {
      "return_7d": 0.2601880877742946,
      "return_30d": -0.187878787878788,
      "return_60d": 0.2369230769230768,
      "return_90d": -0.04194470924690185
    },
    "volume_profile": {
      "avg_volume": 67002.6523255814,
      "median_volume": 30854.0,
      "unusual_volume_days": 7,
      "dry_volume_days": 45
    },
    "scores": {
      "setup_score": 30,
      "technical_score": 0,
      "fundamental_score": 0,
      "catalyst_score": 0,
      "total_score": 30
    }
  },
  {
    "ticker": "DEFTF",
    "catalyst_date": "2023-12-19",
    "explosion_metrics": {
      "gain_pct": 1079.0,
      "volume_spike": "5.8x",
      "exit_quality": "unknown"
    },
    "profile": {
      "name": "DEFI TECHNOLOGIES INC",
      "market_cap": 0.0,
      "shares_outstanding": 0.0,
      "sic_description": "",
      "primary_exchange": "OTC Link",
      "is_ultra_low_float": false,
      "is_low_float": false,
      "is_micro_cap": false,
      "float_category": "unknown",
      "has_data": true
    },
    "technicals": {
      "bar_count": 85,
      "bb_squeeze": {
        "is_squeezing": false,
        "current_width": 0.5441432620193815,
        "squeeze_ratio": 1.5797393995406257
      },
      "volume_trend": {
        "is_drying": false,
        "volume_ratio": 1.6069713189935202
      },
      "consolidation": {
        "is_consolidating": false,
        "range_pct": 1.7762786871702032
      },
      "volatility_rank": 62.5,
      "rsi": 72.99138744690892,
      "price_ma20": 0.3337125,
      "price_ma50": 0.2022148,
      "volume_ma20": 213440.1
    },
    "fundamentals": {
      "has_data": false
    },
    "relative_strength": {
      "relative_strength": 7.932479709731925,
      "consistently_strong": true,
      "strongly_outperforming": true
    },
    "news": {
      "article_count": 0,
      "primary_catalyst": "unknown",
      "themes": {
        "earnings": 0,
        "fda_approval": 0,
        "merger": 0,
        "contract": 0,
        "upgrade": 0,
        "other": 0
      }
    },
    "price_patterns": {
      "return_7d": 0.5833333333333333,
      "return_30d": 1.4782608695652173,
      "return_60d": 6.6819407008086245,
      "return_90d": 6.124999999999999
    },
    "volume_profile": {
      "avg_volume": 113713.56470588235,
      "median_volume": 81215.0,
      "unusual_volume_days": 13,
      "dry_volume_days": 33
    },
    "scores": {
      "setup_score": 0,
      "technical_score": 0,
      "fundamental_score": 0,
      "catalyst_score": 0,
      "total_score": 0
    }
  },
  {
    "ticker": "SLS",
    "catalyst_date": "2020-12-09",
    "explosion_metrics": {
      "gain_pct": 1001.1363636363635,
      "volume_spike": "96.9x",
      "exit_quality": "volatile_exit"
    },
    "profile": {
      "name": "SELLAS Life Sciences Group, Inc. Common Stock",
      "market_cap": 53534276.54,
      "shares_outstanding": 6720000.0,
      "sic_description": "PHARMACEUTICAL PREPARATIONS",
      "primary_exchange": "XNAS",
      "is_ultra_low_float": true,
      "is_low_float": true,
      "is_micro_cap": true,
      "float_category": "ultra_low",
      "has_data": true
    },
    "technicals": {
      "bar_count": 85,
      "bb_squeeze": {
        "is_squeezing": false,
        "current_width": 0.2582292740746216,
        "squeeze_ratio": 1.598459399103568
      },
      "volume_trend": {
        "is_drying": false,
        "volume_ratio": 22.01903254574892
      },
      "consolidation": {
        "is_consolidating": false,
        "range_pct": 1.3007261853908587
      },
      "volatility_rank": 57.8125,
      "rsi": 89.84547461368653,
      "price_ma20": 3.3864999999999994,
      "price_ma50": 2.9341999999999997,
      "volume_ma20": 1150551.7
    },
    "fundamentals": {
      "has_data": true,
      "revenue": 0.0,
      "revenue_qoq_growth": 0.0,
      "revenue_yoy_growth": -100.0,
      "is_accelerating": false,
      "net_income": -6601000.0,
      "turning_profitable": false,
      "cash": 0.0,
      "total_debt": 0.0
    },
    "relative_strength": {
      "relative_strength": 0.7938287313113442,
      "consistently_strong": true,
      "strongly_outperforming": true
    },
    "news": {
      "article_count": 0,
      "primary_catalyst": "unknown",
      "themes": {
        "earnings": 0,
        "fda_approval": 0,
        "merger": 0,
        "contract": 0,
        "upgrade": 0,
        "other": 0
      }
    },
    "price_patterns": {
      "return_7d": 0.7554945054945054,
      "return_30d": 1.4204545454545452,
      "return_60d": 1.4204545454545452,
      "return_90d": 2.276923076923077
    },
    "volume_profile": {
      "avg_volume": 382059.2588235294,
      "median_volume": 115226.0,
      "unusual_volume_days": 2,
      "dry_volume_days": 56
    },
    "scores": {
      "setup_score": 80,
      "technical_score": 0,
      "fundamental_score": 0,
      "catalyst_score": 0,
      "total_score": 80
    }
  },
  {
    "ticker": "PED",
    "catalyst_date": "2018-03-20",
    "explosion_metrics": {
      "gain_pct": 981.3953488372092,
      "volume_spike": "6.1x",
      "exit_quality": "volatile_exit"
    },
    "profile": {
      "name": "PEDEVCO Corp.",
      "market_cap": 25532533.5496,
      "shares_outstanding": 6090000.0,
      "sic_description": "CRUDE PETROLEUM & NATURAL GAS",
      "primary_exchange": "XASE",
      "is_ultra_low_float": true,
      "is_low_float": true,
      "is_micro_cap": true,
      "float_category": "ultra_low",
      "has_data": true
    },
    "technicals": {
      "bar_count": 82,
      "bb_squeeze": {
        "is_squeezing": false,
        "current_width": 0.1004238007617837,
        "squeeze_ratio": 0.9811608297685666
      },
      "volume_trend": {
        "is_drying": true,
        "volume_ratio": 0.6108470381645396
      },
      "consolidation": {
        "is_consolidating": false,
        "range_pct": 0.3985443331569284
      },
      "volatility_rank": 16.39344262295082,
      "rsi": 63.35728282168517,
      "price_ma20": 0.30881099999999995,
      "price_ma50": 0.31676440000000006,
      "volume_ma20": 118376.75
    },
    "fundamentals": {
      "has_data": true,
      "revenue": 6972000.0,
      "revenue_qoq_growth": -20.192307692307693,
      "revenue_yoy_growth": -14.095613602759979,
      "is_accelerating": false,
      "net_income": -1676000.0,
      "turning_profitable": false,
      "cash": 0.0,
      "total_debt": 0.0
    },
    "relative_strength": {
      "relative_strength": 0.025894012709444927,
      "consistently_strong": true,
      "strongly_outperforming": false
    },
    "news": {
      "article_count": 0,
      "primary_catalyst": "unknown",
      "themes": {
        "earnings": 0,
        "fda_approval": 0,
        "merger": 0,
        "contract": 0,
        "upgrade": 0,
        "other": 0
      }
    },
    "price_patterns": {
      "return_7d": -0.012424242424242402,
      "return_30d": 0.11801029159519741,
      "return_60d": 0.01274083281541345,
      "return_90d": 0.0650326797385622
    },
    "volume_profile": {
      "avg_volume": 222561.84146341463,
      "median_volume": 86230.0,
      "unusual_volume_days": 10,
      "dry_volume_days": 46
    },
    "scores": {
      "setup_score": 80,
      "technical_score": 30,
      "fundamental_score": 0,
      "catalyst_score": 0,
      "total_score": 110
    }
  },
  {
    "ticker": "OXBRW",
    "catalyst_date": "2020-09-28",
    "explosion_metrics": {
      "gain_pct": 976.923076923077,
      "volume_spike": "32.6x",
      "exit_quality": "volatile_exit"
    },
    "profile": {
      "name": "Oxbridge Re Holdings Limited Warrant expiring 3/26/2024",
      "market_cap": 0.0,
      "shares_outstanding": 5730000.0,
      "sic_description": "FIRE, MARINE & CASUALTY INSURANCE",
      "primary_exchange": "XNAS",
      "is_ultra_low_float": true,
      "is_low_float": true,
      "is_micro_cap": false,
      "float_category": "ultra_low",
      "has_data": true
    },
    "technicals": {
      "bar_count": 79,
      "bb_squeeze": {
        "is_squeezing": true,
        "current_width": 0.31969076637354665,
        "squeeze_ratio": 0.5271512384938208
      },
      "volume_trend": {
        "is_drying": false,
        "volume_ratio": 0.8073328087159424
      },
      "consolidation": {
        "is_consolidating": false,
        "range_pct": 4.653827081682788
      },
      "volatility_rank": 0.0,
      "rsi": 78.73333865432197,
      "price_ma20": 0.09094474999999999,
      "price_ma50": 0.09172494,
      "volume_ma20": 568930.7
    },
    "fundamentals": {
      "has_data": true,
      "revenue": 645000.0,
      "revenue_qoq_growth": -2.86144578313253,
      "revenue_yoy_growth": 1365.9090909090908,
      "is_accelerating": true,
      "net_income": -187000.0,
      "turning_profitable": false,
      "cash": 0.0,
      "total_debt": 0.0
    },
    "relative_strength": {
      "relative_strength": 3.47680030204026,
      "consistently_strong": true,
      "strongly_outperforming": true
    },
    "news": {
      "article_count": 0,
      "primary_catalyst": "unknown",
      "themes": {
        "earnings": 0,
        "fda_approval": 0,
        "merger": 0,
        "contract": 0,
        "upgrade": 0,
        "other": 0
      }
    },
    "price_patterns": {
      "return_7d": 0.7012835472578764,
      "return_30d": 0.4032723772858518,
      "return_60d": 1.9218436873747498,
      "return_90d": 0.7173144876325089
    },
    "volume_profile": {
      "avg_volume": 338606.253164557,
      "median_volume": 30083.0,
      "unusual_volume_days": 9,
      "dry_volume_days": 64
    },
    "scores": {
      "setup_score": 50,
      "technical_score": 40,
      "fundamental_score": 50,
      "catalyst_score": 0,
      "total_score": 140
    }
  },
  {
    "ticker": "AWX",
    "catalyst_date": "2018-05-09",
    "explosion_metrics": {
      "gain_pct": 946.6321243523316,
      "volume_spike": "19.1x",
      "exit_quality": "volatile_exit"
    },
    "profile": {
      "name": "Avalon Holdings Corp.",
      "market_cap": 8539753.89,
      "shares_outstanding": 3190000.0,
      "sic_description": "REFUSE SYSTEMS",
      "primary_exchange": "XASE",
      "is_ultra_low_float": true,
      "is_low_float": true,
      "is_micro_cap": true,
      "float_category": "ultra_low",
      "has_data": true
    },
    "technicals": {
      "bar_count": 72,
      "bb_squeeze": {
        "is_squeezing": false,
        "current_width": 0.06296054983855566,
        "squeeze_ratio": 1.059381315109997
      },
      "volume_trend": {
        "is_drying": false,
        "volume_ratio": 2.066088022056571
      },
      "consolidation": {
        "is_consolidating": true,
        "range_pct": 0.17511283517332046
      },
      "volatility_rank": 58.82352941176471,
      "rsi": 55.48364728995724,
      "price_ma20": 2.175955,
      "price_ma50": 2.1578860000000004,
      "volume_ma20": 15174.9
    },
    "fundamentals": {
      "has_data": true,
      "revenue": 25746000.0,
      "revenue_qoq_growth": 27.12818487063006,
      "revenue_yoy_growth": 11.662401873617556,
      "is_accelerating": false,
      "net_income": 1789000.0,
      "turning_profitable": false,
      "cash": 0.0,
      "total_debt": 0.0
    },
    "relative_strength": {
      "relative_strength": 0.11648583450341021,
      "consistently_strong": true,
      "strongly_outperforming": true
    },
    "news": {
      "article_count": 0,
      "primary_catalyst": "unknown",
      "themes": {
        "earnings": 0,
        "fda_approval": 0,
        "merger": 0,
        "contract": 0,
        "upgrade": 0,
        "other": 0
      }
    },
    "price_patterns": {
      "return_7d": 0.07361607142857134,
      "return_30d": 0.1037220615907109,
      "return_60d": 0.12378504672897192,
      "return_90d": 0.10824884792626734
    },
    "volume_profile": {
      "avg_volume": 11110.791666666666,
      "median_volume": 5795.0,
      "unusual_volume_days": 8,
      "dry_volume_days": 36
    },
    "scores": {
      "setup_score": 80,
      "technical_score": 30,
      "fundamental_score": 0,
      "catalyst_score": 0,
      "total_score": 110
    }
  },
  {
    "ticker": "GBR",
    "catalyst_date": "2018-06-29",
    "explosion_metrics": {
      "gain_pct": 936.5853658536585,
      "volume_spike": "62.6x",
      "exit_quality": "unknown"
    },
    "profile": {
      "name": "New Concept Energy Inc",
      "market_cap": 7441304.3,
      "shares_outstanding": 2240000.0,
      "sic_description": "CRUDE PETROLEUM & NATURAL GAS",
      "primary_exchange": "XASE",
      "is_ultra_low_float": true,
      "is_low_float": true,
      "is_micro_cap": true,
      "float_category": "ultra_low",
      "has_data": true
    },
    "technicals": {
      "bar_count": 85,
      "bb_squeeze": {
        "is_squeezing": false,
        "current_width": 0.10277862920540706,
        "squeeze_ratio": 1.1457782954104072
      },
      "volume_trend": {
        "is_drying": false,
        "volume_ratio": 7.52162939204957
      },
      "consolidation": {
        "is_consolidating": false,
        "range_pct": 2.270120014119308
      },
      "volatility_rank": 67.1875,
      "rsi": 95.72577506810221,
      "price_ma20": 1.55015,
      "price_ma50": 1.451352,
      "volume_ma20": 1460082.15
    },
    "fundamentals": {
      "has_data": true,
      "revenue": 38000.0,
      "revenue_qoq_growth": 2.7027027027027026,
      "revenue_yoy_growth": 8.571428571428571,
      "is_accelerating": false,
      "net_income": -20000.0,
      "turning_profitable": false,
      "cash": 0.0,
      "total_debt": 0.0
    },
    "relative_strength": {
      "relative_strength": 1.896971648654567,
      "consistently_strong": true,
      "strongly_outperforming": true
    },
    "news": {
      "article_count": 0,
      "primary_catalyst": "unknown",
      "themes": {
        "earnings": 0,
        "fda_approval": 0,
        "merger": 0,
        "contract": 0,
        "upgrade": 0,
        "other": 0
      }
    },
    "price_patterns": {
      "return_7d": 2.0381569474442043,
      "return_30d": 1.971830985915493,
      "return_60d": 2.2213740458015265,
      "return_90d": 2.194549583648751
    },
    "volume_profile": {
      "avg_volume": 427831.2117647059,
      "median_volume": 32921.0,
      "unusual_volume_days": 5,
      "dry_volume_days": 75
    },
    "scores": {
      "setup_score": 80,
      "technical_score": 0,
      "fundamental_score": 0,
      "catalyst_score": 0,
      "total_score": 80
    }
  },
  {
    "ticker": "LACQW",
    "catalyst_date": "2021-02-01",
    "explosion_metrics": {
      "gain_pct": 929.032258064516,
      "volume_spike": "48.0x",
      "exit_quality": "volatile_exit"
    },
    "profile": {
      "name": "Leisure Acquisition Corp. Warrant",
      "market_cap": 0.0,
      "shares_outstanding": 7190000.0,
      "sic_description": "BLANK CHECKS",
      "primary_exchange": "XNAS",
      "is_ultra_low_float": true,
      "is_low_float": true,
      "is_micro_cap": false,
      "float_category": "ultra_low",
      "has_data": true
    },
    "technicals": {
      "bar_count": 80,
      "bb_squeeze": {
        "is_squeezing": false,
        "current_width": 0.2196902598934715,
        "squeeze_ratio": 0.8061856781208923
      },
      "volume_trend": {
        "is_drying": false,
        "volume_ratio": 2.416885252830639
      },
      "consolidation": {
        "is_consolidating": false,
        "range_pct": 2.491406952870885
      },
      "volatility_rank": 18.64406779661017,
      "rsi": 83.95520079203018,
      "price_ma20": 1.0760450000000001,
      "price_ma50": 0.88320798,
      "volume_ma20": 194417.15
    },
    "fundamentals": {
      "has_data": true,
      "revenue": 0.0,
      "revenue_qoq_growth": 0.0,
      "revenue_yoy_growth": 0.0,
      "is_accelerating": false,
      "net_income": -1711607.0,
      "turning_profitable": false,
      "cash": 0.0,
      "total_debt": 0.0
    },
    "relative_strength": {
      "relative_strength": 6.453635134126242,
      "consistently_strong": true,
      "strongly_outperforming": true
    },
    "news": {
      "article_count": 0,
      "primary_catalyst": "unknown",
      "themes": {
        "earnings": 0,
        "fda_approval": 0,
        "merger": 0,
        "contract": 0,
        "upgrade": 0,
        "other": 0
      }
    },
    "price_patterns": {
      "return_7d": 2.0511811023622046,
      "return_30d": 2.604651162790698,
      "return_60d": 3.1333333333333333,
      "return_90d": 6.781124497991969
    },
    "volume_profile": {
      "avg_volume": 84986.9625,
      "median_volume": 34759.0,
      "unusual_volume_days": 3,
      "dry_volume_days": 45
    },
    "scores": {
      "setup_score": 50,
      "technical_score": 0,
      "fundamental_score": 0,
      "catalyst_score": 0,
      "total_score": 50
    }
  },
  {
    "ticker": "WTRH",
    "catalyst_date": "2020-03-16",
    "explosion_metrics": {
      "gain_pct": 883.5294117647057,
      "volume_spike": "16.5x",
      "exit_quality": "volatile_exit"
    },
    "profile": {
      "name": "Waitr Holdings Inc. Common Stock",
      "market_cap": 41130630.285,
      "shares_outstanding": 76530000.0,
      "sic_description": "SERVICES-BUSINESS SERVICES, NEC",
      "primary_exchange": "XNAS",
      "is_ultra_low_float": false,
      "is_low_float": false,
      "is_micro_cap": true,
      "float_category": "medium",
      "has_data": true
    },
    "technicals": {
      "bar_count": 82,
      "bb_squeeze": {
        "is_squeezing": true,
        "current_width": 0.14409383454389782,
        "squeeze_ratio": 0.6939805517910324
      },
      "volume_trend": {
        "is_drying": false,
        "volume_ratio": 7.2800653637858606
      },
      "consolidation": {
        "is_consolidating": false,
        "range_pct": 2.1745279683190724
      },
      "volatility_rank": 98.36065573770492,
      "rsi": 75.91455615246866,
      "price_ma20": 7.921899999999999,
      "price_ma50": 7.628639999999999,
      "volume_ma20": 291263.7125
    },
    "fundamentals": {
      "has_data": true,
      "revenue": 25141000.0,
      "revenue_qoq_growth": -19.344903917102435,
      "revenue_yoy_growth": -48.866109382309276,
      "is_accelerating": false,
      "net_income": -73462000.0,
      "turning_profitable": false,
      "cash": 0.0,
      "total_debt": 55941000.0
    },
    "relative_strength": {
      "relative_strength": 1.301493219731659,
      "consistently_strong": true,
      "strongly_outperforming": true
    },
    "news": {
      "article_count": 0,
      "primary_catalyst": "unknown",
      "themes": {
        "earnings": 0,
        "fda_approval": 0,
        "merger": 0,
        "contract": 0,
        "upgrade": 0,
        "other": 0
      }
    },
    "price_patterns": {
      "return_7d": 0.8691588785046729,
      "return_30d": 0.9740259740259739,
      "return_60d": 0.8971542685971041,
      "return_90d": 1.015915119363395
    },
    "volume_profile": {
      "avg_volume": 124982.5237804878,
      "median_volume": 61251.875,
      "unusual_volume_days": 3,
      "dry_volume_days": 41
    },
    "scores": {
      "setup_score": 30,
      "technical_score": 40,
      "fundamental_score": 0,
      "catalyst_score": 0,
      "total_score": 70
    }
  },
  {
    "ticker": "AWX",
    "catalyst_date": "2018-06-14",
    "explosion_metrics": {
      "gain_pct": 880.5825242718447,
      "volume_spike": "6.6x",
      "exit_quality": "volatile_exit"
    },
    "profile": {
      "name": "Avalon Holdings Corp.",
      "market_cap": 8188805.100000001,
      "shares_outstanding": 3190000.0,
      "sic_description": "REFUSE SYSTEMS",
      "primary_exchange": "XASE",
      "is_ultra_low_float": true,
      "is_low_float": true,
      "is_micro_cap": true,
      "float_category": "ultra_low",
      "has_data": true
    },
    "technicals": {
      "bar_count": 73,
      "bb_squeeze": {
        "is_squeezing": false,
        "current_width": 0.05624061227495519,
        "squeeze_ratio": 0.9520439390478688
      },
      "volume_trend": {
        "is_drying": true,
        "volume_ratio": 0.24754930189601781
      },
      "consolidation": {
        "is_consolidating": false,
        "range_pct": 0.7198789874309736
      },
      "volatility_rank": 15.384615384615385,
      "rsi": 58.63113897596656,
      "price_ma20": 2.1924449999999998,
      "price_ma50": 2.185242,
      "volume_ma20": 11391.6
    },
    "fundamentals": {
      "has_data": true,
      "revenue": 25746000.0,
      "revenue_qoq_growth": 27.12818487063006,
      "revenue_yoy_growth": 11.662401873617556,
      "is_accelerating": false,
      "net_income": 1789000.0,
      "turning_profitable": false,
      "cash": 0.0,
      "total_debt": 0.0
    },
    "relative_strength": {
      "relative_strength": 0.11119190340181456,
      "consistently_strong": true,
      "strongly_outperforming": true
    },
    "news": {
      "article_count": 0,
      "primary_catalyst": "unknown",
      "themes": {
        "earnings": 0,
        "fda_approval": 0,
        "merger": 0,
        "contract": 0,
        "upgrade": 0,
        "other": 0
      }
    },
    "price_patterns": {
      "return_7d": 0.13622188622188622,
      "return_30d": 0.10815668202764983,
      "return_60d": 0.059339207048458166,
      "return_90d": 0.10307339449541279
    },
    "volume_profile": {
      "avg_volume": 18914.013698630137,
      "median_volume": 5029.0,
      "unusual_volume_days": 4,
      "dry_volume_days": 55
    },
    "scores": {
      "setup_score": 80,
      "technical_score": 30,
      "fundamental_score": 0,
      "catalyst_score": 0,
      "total_score": 110
    }
  },
  {
    "ticker": "NEON",
    "catalyst_date": "2024-07-18",
    "explosion_metrics": {
      "gain_pct": 867.7419354838709,
      "volume_spike": "96.2x",
      "exit_quality": "volatile_exit"
    },
    "profile": {
      "name": "Neonode Inc. Common Stock",
      "market_cap": 19660135.68,
      "shares_outstanding": 15360000.0,
      "sic_description": "ELECTRONIC COMPONENTS, NEC",
      "primary_exchange": "XNAS",
      "is_ultra_low_float": true,
      "is_low_float": true,
      "is_micro_cap": true,
      "float_category": "very_low",
      "has_data": true
    },
    "technicals": {
      "bar_count": 83,
      "bb_squeeze": {
        "is_squeezing": true,
        "current_width": 0.1125376660573664,
        "squeeze_ratio": 0.4767793914779542
      },
      "volume_trend": {
        "is_drying": false,
        "volume_ratio": 3.2233558921269
      },
      "consolidation": {
        "is_consolidating": false,
        "range_pct": 0.6695458102663692
      },
      "volatility_rank": 0.0,
      "rsi": 76.04166666666664,
      "price_ma20": 2.29985,
      "price_ma50": 2.41374,
      "volume_ma20": 371886.95
    },
    "fundamentals": {
      "has_data": true,
      "revenue": 430000.0,
      "revenue_qoq_growth": -16.17933723196881,
      "revenue_yoy_growth": -57.59368836291914,
      "is_accelerating": false,
      "net_income": 14184000.0,
      "turning_profitable": true,
      "cash": 0.0,
      "total_debt": 0.0
    },
    "relative_strength": {
      "relative_strength": 1.4381724561942824,
      "consistently_strong": true,
      "strongly_outperforming": true
    },
    "news": {
      "article_count": 0,
      "primary_catalyst": "unknown",
      "themes": {
        "earnings": 0,
        "fda_approval": 0,
        "merger": 0,
        "contract": 0,
        "upgrade": 0,
        "other": 0
      }
    },
    "price_patterns": {
      "return_7d": 0.4159292035398232,
      "return_30d": 0.6000000000000001,
      "return_60d": 0.350210970464135,
      "return_90d": 0.7777777777777778
    },
    "volume_profile": {
      "avg_volume": 146154.01204819276,
      "median_volume": 37683.0,
      "unusual_volume_days": 3,
      "dry_volume_days": 61
    },
    "scores": {
      "setup_score": 80,
      "technical_score": 40,
      "fundamental_score": 50,
      "catalyst_score": 0,
      "total_score": 170
    }
  },
  {
    "ticker": "AWX",
    "catalyst_date": "2018-07-25",
    "explosion_metrics": {
      "gain_pct": 866.5071770334929,
      "volume_spike": "106.2x",
      "exit_quality": "volatile_exit"
    },
    "profile": {
      "name": "Avalon Holdings Corp.",
      "market_cap": 8579138.143099999,
      "shares_outstanding": 3190000.0,
      "sic_description": "REFUSE SYSTEMS",
      "primary_exchange": "XASE",
      "is_ultra_low_float": true,
      "is_low_float": true,
      "is_micro_cap": true,
      "float_category": "ultra_low",
      "has_data": true
    },
    "technicals": {
      "bar_count": 76,
      "bb_squeeze": {
        "is_squeezing": false,
        "current_width": 0.08056825520012126,
        "squeeze_ratio": 1.144461103432393
      },
      "volume_trend": {
        "is_drying": false,
        "volume_ratio": 13.322221785663054
      },
      "consolidation": {
        "is_consolidating": false,
        "range_pct": 1.052222874950023
      },
      "volatility_rank": 98.18181818181819,
      "rsi": 87.57690156599553,
      "price_ma20": 2.370735,
      "price_ma50": 2.2591219999999996,
      "volume_ma20": 729003.3
    },
    "fundamentals": {
      "has_data": true,
      "revenue": 25746000.0,
      "revenue_qoq_growth": 27.12818487063006,
      "revenue_yoy_growth": 11.662401873617556,
      "is_accelerating": false,
      "net_income": 1789000.0,
      "turning_profitable": false,
      "cash": 0.0,
      "total_debt": 0.0
    },
    "relative_strength": {
      "relative_strength": 0.8737159526307727,
      "consistently_strong": true,
      "strongly_outperforming": true
    },
    "news": {
      "article_count": 0,
      "primary_catalyst": "unknown",
      "themes": {
        "earnings": 0,
        "fda_approval": 0,
        "merger": 0,
        "contract": 0,
        "upgrade": 0,
        "other": 0
      }
    },
    "price_patterns": {
      "return_7d": 0.9200000000000002,
      "return_30d": 1.0093023255813955,
      "return_60d": 0.9200000000000002,
      "return_90d": 1.0879652005799905
    },
    "volume_profile": {
      "avg_volume": 219710.34210526315,
      "median_volume": 5641.0,
      "unusual_volume_days": 5,
      "dry_volume_days": 68
    },
    "scores": {
      "setup_score": 80,
      "technical_score": 0,
      "fundamental_score": 0,
      "catalyst_score": 0,
      "total_score": 80
    }
  },
  {
    "ticker": "MEMS",
    "catalyst_date": "2013-04-23",
    "explosion_metrics": {
      "gain_pct": 860.5037878787878,
      "volume_spike": "20.2x",
      "exit_quality": "unknown"
    },
    "profile": {
      "name": "MEMSIC INC COM STK (DE)",
      "market_cap": 0.0,
      "shares_outstanding": 0.0,
      "sic_description": "",
      "primary_exchange": "",
      "is_ultra_low_float": false,
      "is_low_float": false,
      "is_micro_cap": false,
      "float_category": "unknown",
      "has_data": true
    },
    "technicals": {
      "bar_count": 82,
      "bb_squeeze": {
        "is_squeezing": false,
        "current_width": 0.09958081853891151,
        "squeeze_ratio": 1.3443834606529346
      },
      "volume_trend": {
        "is_drying": false,
        "volume_ratio": 0.9515622476015767
      },
      "consolidation": {
        "is_consolidating": false,
        "range_pct": 0.5977627592635749
      },
      "volatility_rank": 60.65573770491803,
      "rsi": 86.36363636363636,
      "price_ma20": 2.8529999999999998,
      "price_ma50": 3.0834,
      "volume_ma20": 102499.05
    },
    "fundamentals": {
      "has_data": false
    },
    "relative_strength": {
      "relative_strength": 0.15951797104018334,
      "consistently_strong": true,
      "strongly_outperforming": true
    },
    "news": {
      "article_count": 0,
      "primary_catalyst": "unknown",
      "themes": {
        "earnings": 0,
        "fda_approval": 0,
        "merger": 0,
        "contract": 0,
        "upgrade": 0,
        "other": 0
      }
    },
    "price_patterns": {
      "return_7d": 0.4330985915492959,
      "return_30d": 0.5593869731800768,
      "return_60d": 0.18313953488372103,
      "return_90d": 0.19705882352941187
    },
    "volume_profile": {
      "avg_volume": 97455.10975609756,
      "median_volume": 58966.0,
      "unusual_volume_days": 4,
      "dry_volume_days": 36
    },
    "scores": {
      "setup_score": 0,
      "technical_score": 0,
      "fundamental_score": 0,
      "catalyst_score": 0,
      "total_score": 0
    }
  },
  {
    "ticker": "WORX",
    "catalyst_date": "2020-04-13",
    "explosion_metrics": {
      "gain_pct": 860.0,
      "volume_spike": "801.0x",
      "exit_quality": "volatile_exit"
    },
    "profile": {
      "name": "SC WORX Corp",
      "market_cap": 35970576.0,
      "shares_outstanding": 7100000.0,
      "sic_description": "SERVICES-MISCELLANEOUS AMUSEMENT & RECREATION",
      "primary_exchange": "XNAS",
      "is_ultra_low_float": true,
      "is_low_float": true,
      "is_micro_cap": true,
      "float_category": "ultra_low",
      "has_data": true
    },
    "technicals": {
      "bar_count": 81,
      "bb_squeeze": {
        "is_squeezing": false,
        "current_width": 0.2558772882599106,
        "squeeze_ratio": 1.3465536741241821
      },
      "volume_trend": {
        "is_drying": false,
        "volume_ratio": 147.35157072900577
      },
      "consolidation": {
        "is_consolidating": false,
        "range_pct": 5.348759446264962
      },
      "volatility_rank": 81.66666666666667,
      "rsi": 92.90150842945874,
      "price_ma20": 38.94375,
      "price_ma50": 36.4185,
      "volume_ma20": 331222.26333
    },
    "fundamentals": {
      "has_data": true,
      "revenue": 682632.0,
      "revenue_qoq_growth": -5.229356142379761,
      "revenue_yoy_growth": -15.942268122482602,
      "is_accelerating": false,
      "net_income": -1906085.0,
      "turning_profitable": false,
      "cash": 0.0,
      "total_debt": 0.0
    },
    "relative_strength": {
      "relative_strength": 3.0398118000934904,
      "consistently_strong": true,
      "strongly_outperforming": true
    },
    "news": {
      "article_count": 0,
      "primary_catalyst": "unknown",
      "themes": {
        "earnings": 0,
        "fda_approval": 0,
        "merger": 0,
        "contract": 0,
        "upgrade": 0,
        "other": 0
      }
    },
    "price_patterns": {
      "return_7d": 4.643192488262912,
      "return_30d": 6.75483870967742,
      "return_60d": 4.590697674418605,
      "return_90d": 3.116438356164384
    },
    "volume_profile": {
      "avg_volume": 84767.56872592593,
      "median_volume": 1744.3333,
      "unusual_volume_days": 1,
      "dry_volume_days": 78
    },
    "scores": {
      "setup_score": 80,
      "technical_score": 0,
      "fundamental_score": 0,
      "catalyst_score": 0,
      "total_score": 80
    }
  },
  {
    "ticker": "ACRS",
    "catalyst_date": "2020-10-05",
    "explosion_metrics": {
      "gain_pct": 859.1346153846151,
      "volume_spike": "2.1x",
      "exit_quality": "sustained_move"
    },
    "profile": {
      "name": "Aclaris Therapeutics, Inc.",
      "market_cap": 87555086.19,
      "shares_outstanding": 41870000.0,
      "sic_description": "PHARMACEUTICAL PREPARATIONS",
      "primary_exchange": "XNAS",
      "is_ultra_low_float": false,
      "is_low_float": true,
      "is_micro_cap": true,
      "float_category": "low",
      "has_data": true
    },
    "technicals": {
      "bar_count": 84,
      "bb_squeeze": {
        "is_squeezing": false,
        "current_width": 0.13713980143795118,
        "squeeze_ratio": 0.8488454911654162
      },
      "volume_trend": {
        "is_drying": true,
        "volume_ratio": 0.5577245465868649
      },
      "consolidation": {
        "is_consolidating": false,
        "range_pct": 0.5822854018589393
      },
      "volatility_rank": 15.873015873015872,
      "rsi": 85.71428571428572,
      "price_ma20": 2.472,
      "price_ma50": 2.3671999999999995,
      "volume_ma20": 297455.75
    },
    "fundamentals": {
      "has_data": true,
      "revenue": 3299000.0,
      "revenue_qoq_growth": 85.64997186268992,
      "revenue_yoy_growth": 37.57297748123436,
      "is_accelerating": false,
      "net_income": -14614000.0,
      "turning_profitable": false,
      "cash": 0.0,
      "total_debt": 0.0
    },
    "relative_strength": {
      "relative_strength": 1.259107203823831,
      "consistently_strong": true,
      "strongly_outperforming": true
    },
    "news": {
      "article_count": 0,
      "primary_catalyst": "unknown",
      "themes": {
        "earnings": 0,
        "fda_approval": 0,
        "merger": 0,
        "contract": 0,
        "upgrade": 0,
        "other": 0
      }
    },
    "price_patterns": {
      "return_7d": 0.30350194552529197,
      "return_30d": 0.6502463054187194,
      "return_60d": 0.7179487179487181,
      "return_90d": 0.8926553672316384
    },
    "volume_profile": {
      "avg_volume": 691330.619047619,
      "median_volume": 418603.5,
      "unusual_volume_days": 4,
      "dry_volume_days": 33
    },
    "scores": {
      "setup_score": 60,
      "technical_score": 30,
      "fundamental_score": 0,
      "catalyst_score": 0,
      "total_score": 90
    }
  },
  {
    "ticker": "CRTDW",
    "catalyst_date": "2021-10-22",
    "explosion_metrics": {
      "gain_pct": 844.4444444444445,
      "volume_spike": "361.3x",
      "exit_quality": "volatile_exit"
    },
    "profile": {
      "name": "Creatd Inc. Warrant",
      "market_cap": 0.0,
      "shares_outstanding": 10920000.0,
      "sic_description": "SERVICES-ALLIED TO MOTION PICTURE PRODUCTION",
      "primary_exchange": "XNAS",
      "is_ultra_low_float": true,
      "is_low_float": true,
      "is_micro_cap": false,
      "float_category": "very_low",
      "has_data": true
    },
    "technicals": {
      "bar_count": 62,
      "bb_squeeze": {
        "is_squeezing": false,
        "current_width": 0.5465824643229016,
        "squeeze_ratio": 1.5120760320854316
      },
      "volume_trend": {
        "is_drying": false,
        "volume_ratio": 17.30132742204341
      },
      "consolidation": {
        "is_consolidating": false,
        "range_pct": 4.634146153083489
      },
      "volatility_rank": 70.73170731707317,
      "rsi": 77.61194029850746,
      "price_ma20": 0.6880000500000001,
      "price_ma50": 1.00884002,
      "volume_ma20": 99121.9
    },
    "fundamentals": {
      "has_data": true,
      "revenue": 1625901.0,
      "revenue_qoq_growth": 20.549802852740857,
      "revenue_yoy_growth": 118.56063813913724,
      "is_accelerating": true,
      "net_income": -8704938.0,
      "turning_profitable": false,
      "cash": 0.0,
      "total_debt": 0.0
    },
    "relative_strength": {
      "relative_strength": -0.02822564145960453,
      "consistently_strong": false,
      "strongly_outperforming": false
    },
    "news": {
      "article_count": 0,
      "primary_catalyst": "unknown",
      "themes": {
        "earnings": 0,
        "fda_approval": 0,
        "merger": 0,
        "contract": 0,
        "upgrade": 0,
        "other": 0
      }
    },
    "price_patterns": {
      "return_7d": 1.618181818181818,
      "return_30d": 0.43999999999999995,
      "return_60d": 0.28571428571428553,
      "return_90d": 0.12499999999999993
    },
    "volume_profile": {
      "avg_volume": 45345.74193548387,
      "median_volume": 5504.0,
      "unusual_volume_days": 3,
      "dry_volume_days": 58
    },
    "scores": {
      "setup_score": 50,
      "technical_score": 0,
      "fundamental_score": 50,
      "catalyst_score": 0,
      "total_score": 100
    }
  },
  {
    "ticker": "HYMC",
    "catalyst_date": "2022-03-08",
    "explosion_metrics": {
      "gain_pct": 833.0985915492957,
      "volume_spike": "403.2x",
      "exit_quality": "volatile_exit"
    },
    "profile": {
      "name": "Hycroft Mining Holding Corporation Class A Common Stock",
      "market_cap": 99678021.3,
      "shares_outstanding": 59980000.0,
      "sic_description": "GOLD AND SILVER ORES",
      "primary_exchange": "XNAS",
      "is_ultra_low_float": false,
      "is_low_float": false,
      "is_micro_cap": true,
      "float_category": "medium",
      "has_data": true
    },
    "technicals": {
      "bar_count": 83,
      "bb_squeeze": {
        "is_squeezing": false,
        "current_width": 0.20740942054362463,
        "squeeze_ratio": 1.0231172992878454
      },
      "volume_trend": {
        "is_drying": false,
        "volume_ratio": 64.25676242256044
      },
      "consolidation": {
        "is_consolidating": false,
        "range_pct": 2.8805584011945893
      },
      "volatility_rank": 88.70967741935483,
      "rsi": 84.91300366300366,
      "price_ma20": 3.7438000000000002,
      "price_ma50": 4.44797,
      "volume_ma20": 1108827.8649999998
    },
    "fundamentals": {
      "has_data": true,
      "revenue": 0.0,
      "revenue_qoq_growth": 0.0,
      "revenue_yoy_growth": 0.0,
      "is_accelerating": false,
      "net_income": -9376000.0,
      "turning_profitable": false,
      "cash": 0.0,
      "total_debt": 134200000.0
    },
    "relative_strength": {
      "relative_strength": -0.28159853283005987,
      "consistently_strong": false,
      "strongly_outperforming": false
    },
    "news": {
      "article_count": 0,
      "primary_catalyst": "unknown",
      "themes": {
        "earnings": 0,
        "fda_approval": 0,
        "merger": 0,
        "contract": 0,
        "upgrade": 0,
        "other": 0
      }
    },
    "price_patterns": {
      "return_7d": 2.245699448231094,
      "return_30d": 1.564102564102564,
      "return_60d": 0.8587360594795539,
      "return_90d": 0.4054813773717498
    },
    "volume_profile": {
      "avg_volume": 293280.73614457826,
      "median_volume": 25626.8,
      "unusual_volume_days": 2,
      "dry_volume_days": 78
    },
    "scores": {
      "setup_score": 30,
      "technical_score": 0,
      "fundamental_score": 0,
      "catalyst_score": 0,
      "total_score": 30
    }
  },
  {
    "ticker": "PRPH",
    "catalyst_date": "2020-10-23",
    "explosion_metrics": {
      "gain_pct": 831.6666666666669,
      "volume_spike": "6.5x",
      "exit_quality": "volatile_exit"
    },
    "profile": {
      "name": "ProPhase Labs, Inc. Common Stock (DE)",
      "market_cap": 23848286.0,
      "shares_outstanding": 11590000.0,
      "sic_description": "PHARMACEUTICAL PREPARATIONS",
      "primary_exchange": "XNAS",
      "is_ultra_low_float": true,
      "is_low_float": true,
      "is_micro_cap": true,
      "float_category": "very_low",
      "has_data": true
    },
    "technicals": {
      "bar_count": 85,
      "bb_squeeze": {
        "is_squeezing": false,
        "current_width": 0.5293929481058167,
        "squeeze_ratio": 1.782412938705555
      },
      "volume_trend": {
        "is_drying": false,
        "volume_ratio": 5.5596761495295794
      },
      "consolidation": {
        "is_consolidating": false,
        "range_pct": 1.6445486880971567
      },
      "volatility_rank": 85.9375,
      "rsi": 63.67292225201073,
      "price_ma20": 5.897,
      "price_ma50": 4.128948,
      "volume_ma20": 248927.55
    },
    "fundamentals": {
      "has_data": true,
      "revenue": 1431000.0,
      "revenue_qoq_growth": -54.51366815003179,
      "revenue_yoy_growth": -82.89300657501494,
      "is_accelerating": false,
      "net_income": 3966000.0,
      "turning_profitable": true,
      "cash": 0.0,
      "total_debt": 0.0
    },
    "relative_strength": {
      "relative_strength": 4.673664695480215,
      "consistently_strong": true,
      "strongly_outperforming": true
    },
    "news": {
      "article_count": 0,
      "primary_catalyst": "unknown",
      "themes": {
        "earnings": 0,
        "fda_approval": 0,
        "merger": 0,
        "contract": 0,
        "upgrade": 0,
        "other": 0
      }
    },
    "price_patterns": {
      "return_7d": 0.26846590909090906,
      "return_30d": 1.6897590361445782,
      "return_60d": 2.1114982578397212,
      "return_90d": 4.268436578171091
    },
    "volume_profile": {
      "avg_volume": 225881.7294117647,
      "median_volume": 21203.0,
      "unusual_volume_days": 6,
      "dry_volume_days": 69
    },
    "scores": {
      "setup_score": 80,
      "technical_score": 0,
      "fundamental_score": 50,
      "catalyst_score": 0,
      "total_score": 130
    }
  },
  {
    "ticker": "VANI",
    "catalyst_date": "2023-12-22",
    "explosion_metrics": {
      "gain_pct": 828.5714285714287,
      "volume_spike": "9.2x",
      "exit_quality": "volatile_exit"
    },
    "profile": {
      "name": "Vivani Medical, Inc. Common Stock (DE)",
      "market_cap": 49019813.5154,
      "shares_outstanding": 50820000.0,
      "sic_description": "ELECTROMEDICAL & ELECTROTHERAPEUTIC APPARATUS",
      "primary_exchange": "XNAS",
      "is_ultra_low_float": false,
      "is_low_float": false,
      "is_micro_cap": true,
      "float_category": "medium",
      "has_data": true
    },
    "technicals": {
      "bar_count": 85,
      "bb_squeeze": {
        "is_squeezing": false,
        "current_width": 0.06518354312853707,
        "squeeze_ratio": 0.8806993174282505
      },
      "volume_trend": {
        "is_drying": false,
        "volume_ratio": 2.3900081828094035
      },
      "consolidation": {
        "is_consolidating": false,
        "range_pct": 0.41456578662972193
      },
      "volatility_rank": 12.5,
      "rsi": 70.16985138004246,
      "price_ma20": 0.9305,
      "price_ma50": 0.981434,
      "volume_ma20": 57101.0
    },
    "fundamentals": {
      "has_data": true,
      "revenue": 0.0,
      "revenue_qoq_growth": 0.0,
      "revenue_yoy_growth": 0.0,
      "is_accelerating": false,
      "net_income": -6302000.0,
      "turning_profitable": false,
      "cash": 0.0,
      "total_debt": 0.0
    },
    "relative_strength": {
      "relative_strength": 0.09769685831014673,
      "consistently_strong": true,
      "strongly_outperforming": false
    },
    "news": {
      "article_count": 1,
      "primary_catalyst": "other",
      "themes": {
        "earnings": 0,
        "fda_approval": 0,
        "merger": 0,
        "contract": 0,
        "upgrade": 0,
        "other": 1
      }
    },
    "price_patterns": {
      "return_7d": 0.28089887640449424,
      "return_30d": 0.19396732299958097,
      "return_60d": 0.1399999999999999,
      "return_90d": 0.21276595744680848
    },
    "volume_profile": {
      "avg_volume": 43301.98823529412,
      "median_volume": 29527.0,
      "unusual_volume_days": 8,
      "dry_volume_days": 27
    },
    "scores": {
      "setup_score": 30,
      "technical_score": 0,
      "fundamental_score": 0,
      "catalyst_score": 0,
      "total_score": 30
    }
  },
  {
    "ticker": "RUBY",
    "catalyst_date": "2021-03-15",
    "explosion_metrics": {
      "gain_pct": 821.6666666666665,
      "volume_spike": "49.6x",
      "exit_quality": "volatile_exit"
    },
    "profile": {
      "name": "Rubius Therapeutics, Inc",
      "market_cap": 443038280.60999995,
      "shares_outstanding": 80920000.0,
      "sic_description": "BIOLOGICAL PRODUCTS, (NO DISGNOSTIC SUBSTANCES)",
      "primary_exchange": "XNAS",
      "is_ultra_low_float": false,
      "is_low_float": false,
      "is_micro_cap": false,
      "float_category": "medium",
      "has_data": true
    },
    "technicals": {
      "bar_count": 81,
      "bb_squeeze": {
        "is_squeezing": false,
        "current_width": 0.31118075834265796,
        "squeeze_ratio": 1.2839468252091368
      },
      "volume_trend": {
        "is_drying": false,
        "volume_ratio": 5.094077379298032
      },
      "consolidation": {
        "is_consolidating": false,
        "range_pct": 2.4462927999183552
      },
      "volatility_rank": 93.33333333333333,
      "rsi": 82.02095302467049,
      "price_ma20": 13.033000000000001,
      "price_ma50": 11.736999999999998,
      "volume_ma20": 3024216.2
    },
    "fundamentals": {
      "has_data": true,
      "revenue": 0.0,
      "revenue_qoq_growth": 0.0,
      "revenue_yoy_growth": 0.0,
      "is_accelerating": false,
      "net_income": -62873000.0,
      "turning_profitable": false,
      "cash": 0.0,
      "total_debt": 75000000.0
    },
    "relative_strength": {
      "relative_strength": 4.952574482554322,
      "consistently_strong": true,
      "strongly_outperforming": true
    },
    "news": {
      "article_count": 0,
      "primary_catalyst": "unknown",
      "themes": {
        "earnings": 0,
        "fda_approval": 0,
        "merger": 0,
        "contract": 0,
        "upgrade": 0,
        "other": 0
      }
    },
    "price_patterns": {
      "return_7d": 1.5095277547638772,
      "return_30d": 1.4001584786053884,
      "return_60d": 2.125902992776058,
      "return_90d": 2.8933161953727504
    },
    "volume_profile": {
      "avg_volume": 1704736.938271605,
      "median_volume": 380841.0,
      "unusual_volume_days": 4,
      "dry_volume_days": 67
    },
    "scores": {
      "setup_score": 0,
      "technical_score": 0,
      "fundamental_score": 0,
      "catalyst_score": 0,
      "total_score": 0
    }
  },
  {
    "ticker": "ACMR",
    "catalyst_date": "2011-10-04",
    "explosion_metrics": {
      "gain_pct": 807.2826435675328,
      "volume_spike": "121.0x",
      "exit_quality": "volatile_exit"
    },
    "profile": {
      "name": "A.C.MOORE ARTS & CRAFTS INC",
      "market_cap": 0.0,
      "shares_outstanding": 0.0,
      "sic_description": "",
      "primary_exchange": "",
      "is_ultra_low_float": false,
      "is_low_float": false,
      "is_micro_cap": false,
      "float_category": "unknown",
      "has_data": true
    },
    "technicals": {
      "bar_count": 85,
      "bb_squeeze": {
        "is_squeezing": false,
        "current_width": 0.15584178288764458,
        "squeeze_ratio": 0.8451399483022181
      },
      "volume_trend": {
        "is_drying": false,
        "volume_ratio": 7.000968111861954
      },
      "consolidation": {
        "is_consolidating": false,
        "range_pct": 0.5413426115431846
      },
      "volatility_rank": 54.6875,
      "rsi": 66.67500000000001,
      "price_ma20": 0.38484,
      "price_ma50": 0.44437,
      "volume_ma20": 2133674.55
    },
    "fundamentals": {
      "has_data": true,
      "revenue": 269160000.0,
      "revenue_qoq_growth": 24.97446278996341,
      "revenue_yoy_growth": 32.93164757013039,
      "is_accelerating": false,
      "net_income": 46398000.0,
      "turning_profitable": false,
      "cash": 0.0,
      "total_debt": 241993000.0
    },
    "relative_strength": {
      "relative_strength": -0.29258621818087605,
      "consistently_strong": false,
      "strongly_outperforming": false
    },
    "news": {
      "article_count": 0,
      "primary_catalyst": "unknown",
      "themes": {
        "earnings": 0,
        "fda_approval": 0,
        "merger": 0,
        "contract": 0,
        "upgrade": 0,
        "other": 0
      }
    },
    "price_patterns": {
      "return_7d": 0.4205214465937763,
      "return_30d": 0.15159090909090916,
      "return_60d": -0.006470588235294058,
      "return_90d": -0.3769826632239026
    },
    "volume_profile": {
      "avg_volume": 669987.3529411765,
      "median_volume": 132093.0,
      "unusual_volume_days": 3,
      "dry_volume_days": 69
    },
    "scores": {
      "setup_score": 0,
      "technical_score": 0,
      "fundamental_score": 0,
      "catalyst_score": 0,
      "total_score": 0
    }
  },
  {
    "ticker": "PHUNW",
    "catalyst_date": "2021-01-26",
    "explosion_metrics": {
      "gain_pct": 770.6467661691541,
      "volume_spike": "15.3x",
      "exit_quality": "volatile_exit"
    },
    "profile": {
      "name": "Phunware, Inc. Warrants",
      "market_cap": 0.0,
      "shares_outstanding": 43560000.0,
      "sic_description": "SERVICES-COMPUTER PROCESSING & DATA PREPARATION",
      "primary_exchange": "XNAS",
      "is_ultra_low_float": false,
      "is_low_float": true,
      "is_micro_cap": false,
      "float_category": "low",
      "has_data": true
    },
    "technicals": {
      "bar_count": 75,
      "bb_squeeze": {
        "is_squeezing": false,
        "current_width": 0.4167439913946748,
        "squeeze_ratio": 1.184352290830019
      },
      "volume_trend": {
        "is_drying": false,
        "volume_ratio": 2.487731371618415
      },
      "consolidation": {
        "is_consolidating": false,
        "range_pct": 2.5585800689642797
      },
      "volatility_rank": 33.33333333333333,
      "rsi": 82.60991669835124,
      "price_ma20": 0.2601074,
      "price_ma50": 0.18317588,
      "volume_ma20": 62899.8
    },
    "fundamentals": {
      "has_data": true,
      "revenue": 2792000.0,
      "revenue_qoq_growth": -19.931172928018352,
      "revenue_yoy_growth": -49.0975387420237,
      "is_accelerating": false,
      "net_income": -18979000.0,
      "turning_profitable": false,
      "cash": 0.0,
      "total_debt": 0.0
    },
    "relative_strength": {
      "relative_strength": 3.4069519602730893,
      "consistently_strong": true,
      "strongly_outperforming": true
    },
    "news": {
      "article_count": 0,
      "primary_catalyst": "unknown",
      "themes": {
        "earnings": 0,
        "fda_approval": 0,
        "merger": 0,
        "contract": 0,
        "upgrade": 0,
        "other": 0
      }
    },
    "price_patterns": {
      "return_7d": 1.1042307692307693,
      "return_30d": 1.8554279749478082,
      "return_60d": 5.07888888888889,
      "return_90d": 2.7731034482758625
    },
    "volume_profile": {
      "avg_volume": 26001.81333333333,
      "median_volume": 10339.0,
      "unusual_volume_days": 7,
      "dry_volume_days": 40
    },
    "scores": {
      "setup_score": 30,
      "technical_score": 0,
      "fundamental_score": 0,
      "catalyst_score": 0,
      "total_score": 30
    }
  },
  {
    "ticker": "SQBG",
    "catalyst_date": "2021-03-18",
    "explosion_metrics": {
      "gain_pct": 752.2522522522523,
      "volume_spike": "5.5x",
      "exit_quality": "sustained_move"
    },
    "profile": {
      "name": "Sequential Brands Group, Inc.",
      "market_cap": 0.0,
      "shares_outstanding": 1650000.0,
      "sic_description": "APPAREL & OTHER FINISHD PRODS OF FABRICS & SIMILAR MATL",
      "primary_exchange": "XNAS",
      "is_ultra_low_float": true,
      "is_low_float": true,
      "is_micro_cap": false,
      "float_category": "ultra_low",
      "has_data": true
    },
    "technicals": {
      "bar_count": 82,
      "bb_squeeze": {
        "is_squeezing": false,
        "current_width": 0.2596550751933838,
        "squeeze_ratio": 1.3098952629485838
      },
      "volume_trend": {
        "is_drying": false,
        "volume_ratio": 1.5211614887013025
      },
      "consolidation": {
        "is_consolidating": false,
        "range_pct": 1.1352733715546497
      },
      "volatility_rank": 93.44262295081968,
      "rsi": 79.59743824336688,
      "price_ma20": 21.307500000000005,
      "price_ma50": 18.5266,
      "volume_ma20": 44573.15
    },
    "fundamentals": {
      "has_data": true,
      "revenue": 24024000.0,
      "revenue_qoq_growth": 6.329113924050633,
      "revenue_yoy_growth": -9.051675184554231,
      "is_accelerating": false,
      "net_income": 5846000.0,
      "turning_profitable": true,
      "cash": 0.0,
      "total_debt": 453388000.0
    },
    "relative_strength": {
      "relative_strength": 2.8458915678331946,
      "consistently_strong": true,
      "strongly_outperforming": true
    },
    "news": {
      "article_count": 0,
      "primary_catalyst": "unknown",
      "themes": {
        "earnings": 0,
        "fda_approval": 0,
        "merger": 0,
        "contract": 0,
        "upgrade": 0,
        "other": 0
      }
    },
    "price_patterns": {
      "return_7d": 0.38056523422377075,
      "return_30d": 0.9822123401889938,
      "return_60d": 1.251262626262626,
      "return_90d": 1.0793002915451895
    },
    "volume_profile": {
      "avg_volume": 79369.39024390244,
      "median_volume": 28278.0,
      "unusual_volume_days": 6,
      "dry_volume_days": 52
    },
    "scores": {
      "setup_score": 50,
      "technical_score": 0,
      "fundamental_score": 50,
      "catalyst_score": 0,
      "total_score": 100
    }
  },
  {
    "ticker": "AAME",
    "catalyst_date": "2021-01-05",
    "explosion_metrics": {
      "gain_pct": 749.468085106383,
      "volume_spike": "71.9x",
      "exit_quality": "volatile_exit"
    },
    "profile": {
      "name": "Atlantic American Corp",
      "market_cap": 41164723.52,
      "shares_outstanding": 20450000.0,
      "sic_description": "LIFE INSURANCE",
      "primary_exchange": "XNAS",
      "is_ultra_low_float": false,
      "is_low_float": true,
      "is_micro_cap": true,
      "float_category": "low",
      "has_data": true
    },
    "technicals": {
      "bar_count": 79,
      "bb_squeeze": {
        "is_squeezing": false,
        "current_width": 0.06654060114288896,
        "squeeze_ratio": 0.9805382546921323
      },
      "volume_trend": {
        "is_drying": false,
        "volume_ratio": 9.879051765844219
      },
      "consolidation": {
        "is_consolidating": false,
        "range_pct": 0.3559047839149526
      },
      "volatility_rank": 24.137931034482758,
      "rsi": 64.26426426426428,
      "price_ma20": 2.17665,
      "price_ma50": 2.15056,
      "volume_ma20": 62281.0
    },
    "fundamentals": {
      "has_data": true,
      "revenue": 55290000.0,
      "revenue_qoq_growth": 10.30423940149626,
      "revenue_yoy_growth": 17.64580717918165,
      "is_accelerating": false,
      "net_income": 3316000.0,
      "turning_profitable": false,
      "cash": 0.0,
      "total_debt": 0.0
    },
    "relative_strength": {
      "relative_strength": 0.15389035406515056,
      "consistently_strong": true,
      "strongly_outperforming": true
    },
    "news": {
      "article_count": 0,
      "primary_catalyst": "unknown",
      "themes": {
        "earnings": 0,
        "fda_approval": 0,
        "merger": 0,
        "contract": 0,
        "upgrade": 0,
        "other": 0
      }
    },
    "price_patterns": {
      "return_7d": 0.23809523809523808,
      "return_30d": 0.20930232558139544,
      "return_60d": 0.20930232558139544,
      "return_90d": 0.30000000000000004
    },
    "volume_profile": {
      "avg_volume": 21036.101265822785,
      "median_volume": 4088.0,
      "unusual_volume_days": 4,
      "dry_volume_days": 65
    },
    "scores": {
      "setup_score": 60,
      "technical_score": 0,
      "fundamental_score": 0,
      "catalyst_score": 0,
      "total_score": 60
    }
  },
  {
    "ticker": "ACRS",
    "catalyst_date": "2020-10-08",
    "explosion_metrics": {
      "gain_pct": 743.7086092715232,
      "volume_spike": "3.0x",
      "exit_quality": "unknown"
    },
    "profile": {
      "name": "Aclaris Therapeutics, Inc.",
      "market_cap": 96739186.14,
      "shares_outstanding": 41870000.0,
      "sic_description": "PHARMACEUTICAL PREPARATIONS",
      "primary_exchange": "XNAS",
      "is_ultra_low_float": false,
      "is_low_float": true,
      "is_micro_cap": true,
      "float_category": "low",
      "has_data": true
    },
    "technicals": {
      "bar_count": 85,
      "bb_squeeze": {
        "is_squeezing": false,
        "current_width": 0.1785686208700272,
        "squeeze_ratio": 1.0660023402241123
      },
      "volume_trend": {
        "is_drying": false,
        "volume_ratio": 1.0692339099427761
      },
      "consolidation": {
        "is_consolidating": false,
        "range_pct": 0.8948255738555312
      },
      "volatility_rank": 29.6875,
      "rsi": 89.32038834951457,
      "price_ma20": 2.7145,
      "price_ma50": 2.4618,
      "volume_ma20": 407746.15
    },
    "fundamentals": {
      "has_data": true,
      "revenue": 3299000.0,
      "revenue_qoq_growth": 85.64997186268992,
      "revenue_yoy_growth": 37.57297748123436,
      "is_accelerating": false,
      "net_income": -14614000.0,
      "turning_profitable": false,
      "cash": 0.0,
      "total_debt": 0.0
    },
    "relative_strength": {
      "relative_strength": 1.5489020276973138,
      "consistently_strong": true,
      "strongly_outperforming": true
    },
    "news": {
      "article_count": 0,
      "primary_catalyst": "unknown",
      "themes": {
        "earnings": 0,
        "fda_approval": 0,
        "merger": 0,
        "contract": 0,
        "upgrade": 0,
        "other": 0
      }
    },
    "price_patterns": {
      "return_7d": 0.5660377358490568,
      "return_30d": 1.0443349753694584,
      "return_60d": 0.9124423963133643,
      "return_90d": 1.0959595959595962
    },
    "volume_profile": {
      "avg_volume": 707919.4117647059,
      "median_volume": 427091.0,
      "unusual_volume_days": 4,
      "dry_volume_days": 31
    },
    "scores": {
      "setup_score": 60,
      "technical_score": 0,
      "fundamental_score": 0,
      "catalyst_score": 0,
      "total_score": 60
    }
  },
  {
    "ticker": "IDAI",
    "catalyst_date": "2024-11-26",
    "explosion_metrics": {
      "gain_pct": 738.3635144198525,
      "volume_spike": "416.6x",
      "exit_quality": "unknown"
    },
    "profile": {
      "name": "T Stamp Inc. Class A Common Stock",
      "market_cap": 4604884.225500001,
      "shares_outstanding": 11380000.0,
      "sic_description": "SERVICES-PREPACKAGED SOFTWARE",
      "primary_exchange": "XNAS",
      "is_ultra_low_float": true,
      "is_low_float": true,
      "is_micro_cap": true,
      "float_category": "very_low",
      "has_data": true
    },
    "technicals": {
      "bar_count": 86,
      "bb_squeeze": {
        "is_squeezing": false,
        "current_width": 0.20420300708972086,
        "squeeze_ratio": 0.9120821130987407
      },
      "volume_trend": {
        "is_drying": false,
        "volume_ratio": 97.82015318635966
      },
      "consolidation": {
        "is_consolidating": false,
        "range_pct": 1.6289680300514293
      },
      "volatility_rank": 93.84615384615384,
      "rsi": 79.41473259334006,
      "price_ma20": 3.021075,
      "price_ma50": 3.1612499999999994,
      "volume_ma20": 2063296.3633299998
    },
    "fundamentals": {
      "has_data": true,
      "revenue": 812667.0,
      "revenue_qoq_growth": 48.984455635588326,
      "revenue_yoy_growth": 41.65957788019718,
      "is_accelerating": false,
      "net_income": -1711958.0,
      "turning_profitable": false,
      "cash": 0.0,
      "total_debt": 0.0
    },
    "relative_strength": {
      "relative_strength": -0.2002470599543229,
      "consistently_strong": false,
      "strongly_outperforming": false
    },
    "news": {
      "article_count": 0,
      "primary_catalyst": "unknown",
      "themes": {
        "earnings": 0,
        "fda_approval": 0,
        "merger": 0,
        "contract": 0,
        "upgrade": 0,
        "other": 0
      }
    },
    "price_patterns": {
      "return_7d": 0.8341708542713567,
      "return_30d": 0.6265597147950087,
      "return_60d": 0.6309204647006253,
      "return_90d": 0.028169014084506942
    },
    "volume_profile": {
      "avg_volume": 554150.5581430233,
      "median_volume": 18438.0,
      "unusual_volume_days": 3,
      "dry_volume_days": 79
    },
    "scores": {
      "setup_score": 80,
      "technical_score": 0,
      "fundamental_score": 0,
      "catalyst_score": 0,
      "total_score": 80
    }
  },
  {
    "ticker": "ACRS",
    "catalyst_date": "2020-12-22",
    "explosion_metrics": {
      "gain_pct": 738.1578947368421,
      "volume_spike": "3.1x",
      "exit_quality": "unknown"
    },
    "profile": {
      "name": "Aclaris Therapeutics, Inc.",
      "market_cap": 151231512.51000002,
      "shares_outstanding": 42720000.0,
      "sic_description": "PHARMACEUTICAL PREPARATIONS",
      "primary_exchange": "XNAS",
      "is_ultra_low_float": false,
      "is_low_float": true,
      "is_micro_cap": true,
      "float_category": "low",
      "has_data": true
    },
    "technicals": {
      "bar_count": 85,
      "bb_squeeze": {
        "is_squeezing": false,
        "current_width": 0.23769575847618082,
        "squeeze_ratio": 1.0201410909204889
      },
      "volume_trend": {
        "is_drying": false,
        "volume_ratio": 3.9375701929877027
      },
      "consolidation": {
        "is_consolidating": false,
        "range_pct": 1.0287020574041148
      },
      "volatility_rank": 64.0625,
      "rsi": 90.59633027522936,
      "price_ma20": 4.2165,
      "price_ma50": 3.9891999999999994,
      "volume_ma20": 1067057.7
    },
    "fundamentals": {
      "has_data": true,
      "revenue": 3299000.0,
      "revenue_qoq_growth": 85.64997186268992,
      "revenue_yoy_growth": 37.57297748123436,
      "is_accelerating": false,
      "net_income": -14614000.0,
      "turning_profitable": false,
      "cash": 0.0,
      "total_debt": 0.0
    },
    "relative_strength": {
      "relative_strength": 1.767136348889343,
      "consistently_strong": true,
      "strongly_outperforming": true
    },
    "news": {
      "article_count": 0,
      "primary_catalyst": "unknown",
      "themes": {
        "earnings": 0,
        "fda_approval": 0,
        "merger": 0,
        "contract": 0,
        "upgrade": 0,
        "other": 0
      }
    },
    "price_patterns": {
      "return_7d": 0.5272331154684096,
      "return_30d": 1.2467948717948716,
      "return_60d": 0.6302325581395349,
      "return_90d": 1.9703389830508478
    },
    "volume_profile": {
      "avg_volume": 558001.6235294117,
      "median_volume": 278512.0,
      "unusual_volume_days": 6,
      "dry_volume_days": 43
    },
    "scores": {
      "setup_score": 60,
      "technical_score": 0,
      "fundamental_score": 0,
      "catalyst_score": 0,
      "total_score": 60
    }
  },
  {
    "ticker": "ACMR",
    "catalyst_date": "2018-02-01",
    "explosion_metrics": {
      "gain_pct": 733.4786729857822,
      "volume_spike": "4.9x",
      "exit_quality": "sustained_move"
    },
    "profile": {
      "has_data": false
    },
    "technicals": {
      "bar_count": 61,
      "bb_squeeze": {
        "is_squeezing": true,
        "current_width": 0.08476923941834259,
        "squeeze_ratio": 0.5801203412794639
      },
      "volume_trend": {
        "is_drying": false,
        "volume_ratio": 2.6982654557129946
      },
      "consolidation": {
        "is_consolidating": false,
        "range_pct": 0.30841799709724227
      },
      "volatility_rank": 92.5,
      "rsi": 61.51258976456686,
      "price_ma20": 1.7527549999999998,
      "price_ma50": 1.881036,
      "volume_ma20": 162615.15
    },
    "fundamentals": {
      "has_data": true,
      "revenue": 269160000.0,
      "revenue_qoq_growth": 24.97446278996341,
      "revenue_yoy_growth": 32.93164757013039,
      "is_accelerating": false,
      "net_income": 46398000.0,
      "turning_profitable": false,
      "cash": 0.0,
      "total_debt": 241993000.0
    },
    "relative_strength": {
      "relative_strength": -0.12054187556027572,
      "consistently_strong": false,
      "strongly_outperforming": false
    },
    "news": {
      "article_count": 0,
      "primary_catalyst": "unknown",
      "themes": {
        "earnings": 0,
        "fda_approval": 0,
        "merger": 0,
        "contract": 0,
        "upgrade": 0,
        "other": 0
      }
    },
    "price_patterns": {
      "return_7d": 0.12994350282485875,
      "return_30d": 0.06763465542091499,
      "return_60d": -0.07119305252403298,
      "return_90d": -0.008280854861903187
    },
    "volume_profile": {
      "avg_volume": 132760.32786885247,
      "median_volume": 69483.0,
      "unusual_volume_days": 6,
      "dry_volume_days": 29
    },
    "scores": {
      "setup_score": 0,
      "technical_score": 40,
      "fundamental_score": 0,
      "catalyst_score": 0,
      "total_score": 40
    }
  },
  {
    "ticker": "HOUR",
    "catalyst_date": "2024-08-09",
    "explosion_metrics": {
      "gain_pct": 731.3253012048193,
      "volume_spike": "96.4x",
      "exit_quality": "unknown"
    },
    "profile": {
      "name": "Hour Loop, Inc. Common Stock",
      "market_cap": 41412451.64,
      "shares_outstanding": 35100000.0,
      "sic_description": "RETAIL-CATALOG & MAIL-ORDER HOUSES",
      "primary_exchange": "XNAS",
      "is_ultra_low_float": false,
      "is_low_float": true,
      "is_micro_cap": true,
      "float_category": "low",
      "has_data": true
    },
    "technicals": {
      "bar_count": 84,
      "bb_squeeze": {
        "is_squeezing": false,
        "current_width": 0.0720437404861488,
        "squeeze_ratio": 0.9006731233539533
      },
      "volume_trend": {
        "is_drying": false,
        "volume_ratio": 6.688471454423759
      },
      "consolidation": {
        "is_consolidating": false,
        "range_pct": 0.4537699843466944
      },
      "volatility_rank": 52.38095238095239,
      "rsi": 61.31662388645629,
      "price_ma20": 0.9518549999999999,
      "price_ma50": 0.9787720000000002,
      "volume_ma20": 53961.25
    },
    "fundamentals": {
      "has_data": true,
      "revenue": 27103106.0,
      "revenue_qoq_growth": 4.899994542729077,
      "revenue_yoy_growth": 9.813103310295212,
      "is_accelerating": false,
      "net_income": 1177001.0,
      "turning_profitable": false,
      "cash": 0.0,
      "total_debt": 0.0
    },
    "relative_strength": {
      "relative_strength": -0.09673483410771536,
      "consistently_strong": false,
      "strongly_outperforming": false
    },
    "news": {
      "article_count": 0,
      "primary_catalyst": "unknown",
      "themes": {
        "earnings": 0,
        "fda_approval": 0,
        "merger": 0,
        "contract": 0,
        "upgrade": 0,
        "other": 0
      }
    },
    "price_patterns": {
      "return_7d": 0.20879120879120885,
      "return_30d": 0.20205442028193646,
      "return_60d": 0.08910891089108919,
      "return_90d": 0.0
    },
    "volume_profile": {
      "avg_volume": 23656.70238095238,
      "median_volume": 8032.0,
      "unusual_volume_days": 5,
      "dry_volume_days": 53
    },
    "scores": {
      "setup_score": 60,
      "technical_score": 0,
      "fundamental_score": 0,
      "catalyst_score": 0,
      "total_score": 60
    }
  },
  {
    "ticker": "SBOT",
    "catalyst_date": "2019-05-24",
    "explosion_metrics": {
      "gain_pct": 722.2222222222223,
      "volume_spike": "13.1x",
      "exit_quality": "volatile_exit"
    },
    "profile": {
      "name": "Stellar Biotechnologies Inc.",
      "market_cap": 0.0,
      "shares_outstanding": 5330000.0,
      "sic_description": "PHARMACEUTICAL PREPARATIONS",
      "primary_exchange": "XNAS",
      "is_ultra_low_float": true,
      "is_low_float": true,
      "is_micro_cap": false,
      "float_category": "ultra_low",
      "has_data": true
    },
    "technicals": {
      "bar_count": 85,
      "bb_squeeze": {
        "is_squeezing": true,
        "current_width": 0.02900292133432647,
        "squeeze_ratio": 0.2961656447733952
      },
      "volume_trend": {
        "is_drying": false,
        "volume_ratio": 1.4160211622644971
      },
      "consolidation": {
        "is_consolidating": true,
        "range_pct": 0.24063064479387572
      },
      "volatility_rank": 0.0,
      "rsi": 72.0,
      "price_ma20": 6.23358,
      "price_ma50": 6.4298519999999995,
      "volume_ma20": 27786.441665000002
    },
    "fundamentals": {
      "has_data": true,
      "revenue": 117755.0,
      "revenue_qoq_growth": 122.04099334376708,
      "revenue_yoy_growth": 474.7791282276566,
      "is_accelerating": true,
      "net_income": -1656477.0,
      "turning_profitable": false,
      "cash": 0.0,
      "total_debt": 0.0
    },
    "relative_strength": {
      "relative_strength": -0.1317888111419865,
      "consistently_strong": false,
      "strongly_outperforming": false
    },
    "news": {
      "article_count": 0,
      "primary_catalyst": "unknown",
      "themes": {
        "earnings": 0,
        "fda_approval": 0,
        "merger": 0,
        "contract": 0,
        "upgrade": 0,
        "other": 0
      }
    },
    "price_patterns": {
      "return_7d": 0.05660377358490557,
      "return_30d": 0.05660377358490557,
      "return_60d": 0.0,
      "return_90d": -0.02617163724893489
    },
    "volume_profile": {
      "avg_volume": 68665.70980352942,
      "median_volume": 12003.1667,
      "unusual_volume_days": 3,
      "dry_volume_days": 71
    },
    "scores": {
      "setup_score": 50,
      "technical_score": 70,
      "fundamental_score": 50,
      "catalyst_score": 0,
      "total_score": 170
    }
  },
  {
    "ticker": "FOXO",
    "catalyst_date": "2024-11-06",
    "explosion_metrics": {
      "gain_pct": 715.3846153846155,
      "volume_spike": "3974.2x",
      "exit_quality": "volatile_exit"
    },
    "profile": {
      "name": "FOXO Technologies Inc.",
      "market_cap": 2888847.4394,
      "shares_outstanding": 11280000.0,
      "sic_description": "SERVICES-COMMERCIAL PHYSICAL & BIOLOGICAL RESEARCH",
      "primary_exchange": "XASE",
      "is_ultra_low_float": true,
      "is_low_float": true,
      "is_micro_cap": true,
      "float_category": "very_low",
      "has_data": true
    },
    "technicals": {
      "bar_count": 86,
      "bb_squeeze": {
        "is_squeezing": false,
        "current_width": 0.16657575644171002,
        "squeeze_ratio": 0.892562561052412
      },
      "volume_trend": {
        "is_drying": false,
        "volume_ratio": 312.8042791084215
      },
      "consolidation": {
        "is_consolidating": false,
        "range_pct": 5.022479533221765
      },
      "volatility_rank": 66.15384615384615,
      "rsi": 92.24203733259316,
      "price_ma20": 3.72275,
      "price_ma50": 3.565760000000001,
      "volume_ma20": 2380127.7613000004
    },
    "fundamentals": {
      "has_data": true,
      "revenue": 5218373.0,
      "revenue_qoq_growth": 64.62159928326267,
      "revenue_yoy_growth": 52083.73,
      "is_accelerating": true,
      "net_income": -526306.0,
      "turning_profitable": false,
      "cash": 0.0,
      "total_debt": 0.0
    },
    "relative_strength": {
      "relative_strength": 1.992756611118414,
      "consistently_strong": true,
      "strongly_outperforming": true
    },
    "news": {
      "article_count": 0,
      "primary_catalyst": "unknown",
      "themes": {
        "earnings": 0,
        "fda_approval": 0,
        "merger": 0,
        "contract": 0,
        "upgrade": 0,
        "other": 0
      }
    },
    "price_patterns": {
      "return_7d": 4.514872521246459,
      "return_30d": 3.5233807725820507,
      "return_60d": 4.051573143042491,
      "return_90d": 4.245537217918492
    },
    "volume_profile": {
      "avg_volume": 562659.4478290698,
      "median_volume": 8895.201000000001,
      "unusual_volume_days": 1,
      "dry_volume_days": 85
    },
    "scores": {
      "setup_score": 80,
      "technical_score": 0,
      "fundamental_score": 50,
      "catalyst_score": 0,
      "total_score": 130
    }
  },
  {
    "ticker": "ELTK",
    "catalyst_date": "2019-05-29",
    "explosion_metrics": {
      "gain_pct": 714.0271811844237,
      "volume_spike": "160.6x",
      "exit_quality": "volatile_exit"
    },
    "profile": {
      "name": "Eltek Ltd",
      "market_cap": 13496480.991300002,
      "shares_outstanding": 2029999.0,
      "sic_description": "",
      "primary_exchange": "XNAS",
      "is_ultra_low_float": true,
      "is_low_float": true,
      "is_micro_cap": true,
      "float_category": "ultra_low",
      "has_data": true
    },
    "technicals": {
      "bar_count": 77,
      "bb_squeeze": {
        "is_squeezing": false,
        "current_width": 0.1898706651812006,
        "squeeze_ratio": 1.1305059016564372
      },
      "volume_trend": {
        "is_drying": false,
        "volume_ratio": 134.70977955516346
      },
      "consolidation": {
        "is_consolidating": false,
        "range_pct": 4.478564291074574
      },
      "volatility_rank": 64.28571428571429,
      "rsi": 90.55419252417376,
      "price_ma20": 1.7588700000000004,
      "price_ma50": 1.695946,
      "volume_ma20": 2320887.85
    },
    "fundamentals": {
      "has_data": false
    },
    "relative_strength": {
      "relative_strength": 1.972708897137566,
      "consistently_strong": true,
      "strongly_outperforming": true
    },
    "news": {
      "article_count": 0,
      "primary_catalyst": "unknown",
      "themes": {
        "earnings": 0,
        "fda_approval": 0,
        "merger": 0,
        "contract": 0,
        "upgrade": 0,
        "other": 0
      }
    },
    "price_patterns": {
      "return_7d": 3.7103155911446066,
      "return_30d": 4.035971223021583,
      "return_60d": 3.5161290322580645,
      "return_90d": 2.1530111256249715
    },
    "volume_profile": {
      "avg_volume": 619265.8051948051,
      "median_volume": 9400.0,
      "unusual_volume_days": 2,
      "dry_volume_days": 73
    },
    "scores": {
      "setup_score": 80,
      "technical_score": 0,
      "fundamental_score": 0,
      "catalyst_score": 0,
      "total_score": 80
    }
  },
  {
    "ticker": "ARTL",
    "catalyst_date": "2021-02-12",
    "explosion_metrics": {
      "gain_pct": 713.7472283813747,
      "volume_spike": "47.9x",
      "exit_quality": "unknown"
    },
    "profile": {
      "name": "Artelo Biosciences, Inc. Common Stock",
      "market_cap": 27622561.489,
      "shares_outstanding": 13790000.0,
      "sic_description": "SERVICES-BUSINESS SERVICES, NEC",
      "primary_exchange": "XNAS",
      "is_ultra_low_float": true,
      "is_low_float": true,
      "is_micro_cap": true,
      "float_category": "very_low",
      "has_data": true
    },
    "technicals": {
      "bar_count": 83,
      "bb_squeeze": {
        "is_squeezing": false,
        "current_width": 0.2398299436988681,
        "squeeze_ratio": 1.1776384384762395
      },
      "volume_trend": {
        "is_drying": false,
        "volume_ratio": 6.206474408392093
      },
      "consolidation": {
        "is_consolidating": false,
        "range_pct": 2.627207949347431
      },
      "volatility_rank": 98.38709677419355,
      "rsi": 79.45964803473137,
      "price_ma20": 112.0617,
      "price_ma50": 84.64904999999999,
      "volume_ma20": 231692.89276999998
    },
    "fundamentals": {
      "has_data": true,
      "revenue": 0.0,
      "revenue_qoq_growth": 0.0,
      "revenue_yoy_growth": 0.0,
      "is_accelerating": false,
      "net_income": -2372000.0,
      "turning_profitable": false,
      "cash": 0.0,
      "total_debt": 0.0
    },
    "relative_strength": {
      "relative_strength": 2.943607610695517,
      "consistently_strong": true,
      "strongly_outperforming": true
    },
    "news": {
      "article_count": 2,
      "primary_catalyst": "other",
      "themes": {
        "earnings": 0,
        "fda_approval": 0,
        "merger": 0,
        "contract": 0,
        "upgrade": 0,
        "other": 2
      }
    },
    "price_patterns": {
      "return_7d": 1.254237288135593,
      "return_30d": 1.6600000000000001,
      "return_60d": 3.0303030303030303,
      "return_90d": 3.916820702402958
    },
    "volume_profile": {
      "avg_volume": 78970.00535783132,
      "median_volume": 23736.6889,
      "unusual_volume_days": 4,
      "dry_volume_days": 59
    },
    "scores": {
      "setup_score": 80,
      "technical_score": 0,
      "fundamental_score": 0,
      "catalyst_score": 0,
      "total_score": 80
    }
  },
  {
    "ticker": "GBR",
    "catalyst_date": "2016-06-08",
    "explosion_metrics": {
      "gain_pct": 713.3333333333333,
      "volume_spike": "152.7x",
      "exit_quality": "volatile_exit"
    },
    "profile": {
      "name": "NEW CONCEPT ENERGY INC (DE)",
      "market_cap": 3848950.5,
      "shares_outstanding": 1947000.0,
      "sic_description": "CRUDE PETROLEUM & NATURAL GAS",
      "primary_exchange": "XASE",
      "is_ultra_low_float": true,
      "is_low_float": true,
      "is_micro_cap": true,
      "float_category": "ultra_low",
      "has_data": true
    },
    "technicals": {
      "bar_count": 79,
      "bb_squeeze": {
        "is_squeezing": true,
        "current_width": 0.11196074964267913,
        "squeeze_ratio": 0.6207362684038686
      },
      "volume_trend": {
        "is_drying": false,
        "volume_ratio": 6.499779400628214
      },
      "consolidation": {
        "is_consolidating": false,
        "range_pct": 2.3822578510521635
      },
      "volatility_rank": 24.137931034482758,
      "rsi": 75.1146538545534,
      "price_ma20": 0.8761050000000001,
      "price_ma50": 0.869378,
      "volume_ma20": 49352.5
    },
    "fundamentals": {
      "has_data": true,
      "revenue": 38000.0,
      "revenue_qoq_growth": 2.7027027027027026,
      "revenue_yoy_growth": 8.571428571428571,
      "is_accelerating": false,
      "net_income": -20000.0,
      "turning_profitable": false,
      "cash": 0.0,
      "total_debt": 0.0
    },
    "relative_strength": {
      "relative_strength": 0.6147160653615922,
      "consistently_strong": true,
      "strongly_outperforming": true
    },
    "news": {
      "article_count": 0,
      "primary_catalyst": "unknown",
      "themes": {
        "earnings": 0,
        "fda_approval": 0,
        "merger": 0,
        "contract": 0,
        "upgrade": 0,
        "other": 0
      }
    },
    "price_patterns": {
      "return_7d": 0.6352824578790882,
      "return_30d": 0.6077953714981731,
      "return_60d": 0.5348837209302326,
      "return_90d": 0.5516633360761726
    },
    "volume_profile": {
      "avg_volume": 20087.91139240506,
      "median_volume": 4348.0,
      "unusual_volume_days": 4,
      "dry_volume_days": 58
    },
    "scores": {
      "setup_score": 80,
      "technical_score": 40,
      "fundamental_score": 0,
      "catalyst_score": 0,
      "total_score": 120
    }
  },
  {
    "ticker": "AUVI",
    "catalyst_date": "2021-01-20",
    "explosion_metrics": {
      "gain_pct": 691.5929203539823,
      "volume_spike": "11.0x",
      "exit_quality": "unknown"
    },
    "profile": {
      "name": "Applied UV, Inc. Common Stock",
      "market_cap": 108567553.76,
      "shares_outstanding": 6540000.0,
      "sic_description": "",
      "primary_exchange": "XNAS",
      "is_ultra_low_float": true,
      "is_low_float": true,
      "is_micro_cap": true,
      "float_category": "ultra_low",
      "has_data": true
    },
    "technicals": {
      "bar_count": 83,
      "bb_squeeze": {
        "is_squeezing": true,
        "current_width": 0.07461151540720519,
        "squeeze_ratio": 0.6265185276149715
      },
      "volume_trend": {
        "is_drying": false,
        "volume_ratio": 2.361501759458922
      },
      "consolidation": {
        "is_consolidating": false,
        "range_pct": 0.31646414741621043
      },
      "volatility_rank": 48.38709677419355,
      "rsi": 60.79545454545454,
      "price_ma20": 621.75,
      "price_ma50": 637.05,
      "volume_ma20": 2451.3484
    },
    "fundamentals": {
      "has_data": true,
      "revenue": 11446048.0,
      "revenue_qoq_growth": 5.554956128386602,
      "revenue_yoy_growth": 93.7497270486417,
      "is_accelerating": true,
      "net_income": -2572851.0,
      "turning_profitable": false,
      "cash": 0.0,
      "total_debt": 10155415.0
    },
    "relative_strength": {
      "relative_strength": -0.5226833358317975,
      "consistently_strong": false,
      "strongly_outperforming": false
    },
    "news": {
      "article_count": 0,
      "primary_catalyst": "unknown",
      "themes": {
        "earnings": 0,
        "fda_approval": 0,
        "merger": 0,
        "contract": 0,
        "upgrade": 0,
        "other": 0
      }
    },
    "price_patterns": {
      "return_7d": 0.02529182879377432,
      "return_30d": 0.009578544061302681,
      "return_60d": 0.03333333333333333,
      "return_90d": -0.2027231467473525
    },
    "volume_profile": {
      "avg_volume": 3837.466409638554,
      "median_volume": 1251.392,
      "unusual_volume_days": 4,
      "dry_volume_days": 61
    },
    "scores": {
      "setup_score": 80,
      "technical_score": 40,
      "fundamental_score": 50,
      "catalyst_score": 0,
      "total_score": 170
    }
  },
  {
    "ticker": "SBSA",
    "catalyst_date": "2011-11-08",
    "explosion_metrics": {
      "gain_pct": 684.2105263157895,
      "volume_spike": "36.8x",
      "exit_quality": "sustained_move"
    },
    "profile": {
      "name": "SPANISH BROADCASTING SYS INC A",
      "market_cap": 0.0,
      "shares_outstanding": 0.0,
      "sic_description": "RADIO BROADCASTING STATIONS",
      "primary_exchange": "XNAS",
      "is_ultra_low_float": false,
      "is_low_float": false,
      "is_micro_cap": false,
      "float_category": "unknown",
      "has_data": true
    },
    "technicals": {
      "bar_count": 66,
      "bb_squeeze": {
        "is_squeezing": true,
        "current_width": 0.2239828881913087,
        "squeeze_ratio": 0.6818640235370994
      },
      "volume_trend": {
        "is_drying": false,
        "volume_ratio": 3.111774671119846
      },
      "consolidation": {
        "is_consolidating": false,
        "range_pct": 1.7060459463880906
      },
      "volatility_rank": 95.55555555555556,
      "rsi": 87.93103448275862,
      "price_ma20": 1.211505,
      "price_ma50": 1.8622020000000001,
      "volume_ma20": 83759.95
    },
    "fundamentals": {
      "has_data": true,
      "revenue": 35635000.0,
      "revenue_qoq_growth": 1.0635280771412365,
      "revenue_yoy_growth": -6.46981627296588,
      "is_accelerating": false,
      "net_income": -4762000.0,
      "turning_profitable": false,
      "cash": 0.0,
      "total_debt": 0.0
    },
    "relative_strength": {
      "relative_strength": -0.5159778048730083,
      "consistently_strong": false,
      "strongly_outperforming": false
    },
    "news": {
      "article_count": 0,
      "primary_catalyst": "unknown",
      "themes": {
        "earnings": 0,
        "fda_approval": 0,
        "merger": 0,
        "contract": 0,
        "upgrade": 0,
        "other": 0
      }
    },
    "price_patterns": {
      "return_7d": 1.9897010298970106,
      "return_30d": 1.4508196721311477,
      "return_60d": 0.0033557046979866547,
      "return_90d": 0.08727272727272735
    },
    "volume_profile": {
      "avg_volume": 37643.086363636365,
      "median_volume": 10897.0,
      "unusual_volume_days": 5,
      "dry_volume_days": 43
    },
    "scores": {
      "setup_score": 0,
      "technical_score": 40,
      "fundamental_score": 0,
      "catalyst_score": 0,
      "total_score": 40
    }
  },
  {
    "ticker": "MFH",
    "catalyst_date": "2024-11-11",
    "explosion_metrics": {
      "gain_pct": 683.4951456310679,
      "volume_spike": "668.6x",
      "exit_quality": "unknown"
    },
    "profile": {
      "name": "Mercurity Fintech Holding Inc. Ordinary Shares",
      "market_cap": 109779914.085,
      "shares_outstanding": 60820000.0,
      "sic_description": "",
      "primary_exchange": "XNAS",
      "is_ultra_low_float": false,
      "is_low_float": false,
      "is_micro_cap": true,
      "float_category": "medium",
      "has_data": true
    },
    "technicals": {
      "bar_count": 81,
      "bb_squeeze": {
        "is_squeezing": false,
        "current_width": 0.30810543539301116,
        "squeeze_ratio": 1.2356304063203423
      },
      "volume_trend": {
        "is_drying": false,
        "volume_ratio": 42.02610266686868
      },
      "consolidation": {
        "is_consolidating": false,
        "range_pct": 1.0359027152232663
      },
      "volatility_rank": 18.333333333333332,
      "rsi": 74.70878926932579,
      "price_ma20": 1.433385,
      "price_ma50": 1.468998,
      "volume_ma20": 735059.65
    },
    "fundamentals": {
      "has_data": false
    },
    "relative_strength": {
      "relative_strength": 0.10369900094384973,
      "consistently_strong": true,
      "strongly_outperforming": true
    },
    "news": {
      "article_count": 0,
      "primary_catalyst": "unknown",
      "themes": {
        "earnings": 0,
        "fda_approval": 0,
        "merger": 0,
        "contract": 0,
        "upgrade": 0,
        "other": 0
      }
    },
    "price_patterns": {
      "return_7d": 0.9498375135405382,
      "return_30d": 0.34397794497731304,
      "return_60d": 0.9378881987577639,
      "return_90d": 0.43549475492301065
    },
    "volume_profile": {
      "avg_volume": 197074.03703703705,
      "median_volume": 10891.0,
      "unusual_volume_days": 1,
      "dry_volume_days": 77
    },
    "scores": {
      "setup_score": 30,
      "technical_score": 0,
      "fundamental_score": 0,
      "catalyst_score": 0,
      "total_score": 30
    }
  },
  {
    "ticker": "SOND",
    "catalyst_date": "2024-08-19",
    "explosion_metrics": {
      "gain_pct": 681.8181818181819,
      "volume_spike": "379.9x",
      "exit_quality": "volatile_exit"
    },
    "profile": {
      "name": "Sonder Holdings Inc. Class A Common Stock",
      "market_cap": 45476073.18000001,
      "shares_outstanding": 11070000.0,
      "sic_description": "HOTELS, ROOMING HOUSES, CAMPS & OTHER LODGING PLACES",
      "primary_exchange": "XNAS",
      "is_ultra_low_float": true,
      "is_low_float": true,
      "is_micro_cap": true,
      "float_category": "very_low",
      "has_data": true
    },
    "technicals": {
      "bar_count": 83,
      "bb_squeeze": {
        "is_squeezing": false,
        "current_width": 0.40216447101360464,
        "squeeze_ratio": 1.8800599185748403
      },
      "volume_trend": {
        "is_drying": false,
        "volume_ratio": 55.2029394935395
      },
      "consolidation": {
        "is_consolidating": false,
        "range_pct": 2.0198551763838535
      },
      "volatility_rank": 98.38709677419355,
      "rsi": 71.96652719665272,
      "price_ma20": 2.6505149999999995,
      "price_ma50": 3.391506,
      "volume_ma20": 2074222.85
    },
    "fundamentals": {
      "has_data": true,
      "revenue": 147085000.0,
      "revenue_qoq_growth": 23.750588947970652,
      "revenue_yoy_growth": -8.58380568814638,
      "is_accelerating": false,
      "net_income": -44523000.0,
      "turning_profitable": false,
      "cash": 0.0,
      "total_debt": 218922000.0
    },
    "relative_strength": {
      "relative_strength": 0.271857954740369,
      "consistently_strong": true,
      "strongly_outperforming": true
    },
    "news": {
      "article_count": 0,
      "primary_catalyst": "unknown",
      "themes": {
        "earnings": 0,
        "fda_approval": 0,
        "merger": 0,
        "contract": 0,
        "upgrade": 0,
        "other": 0
      }
    },
    "price_patterns": {
      "return_7d": 3.108843537414966,
      "return_30d": 0.824773413897281,
      "return_60d": 0.4840294840294839,
      "return_90d": 0.7257142857142858
    },
    "volume_profile": {
      "avg_volume": 533357.5421686746,
      "median_volume": 38385.0,
      "unusual_volume_days": 1,
      "dry_volume_days": 77
    },
    "scores": {
      "setup_score": 80,
      "technical_score": 0,
      "fundamental_score": 0,
      "catalyst_score": 0,
      "total_score": 80
    }
  },
  {
    "ticker": "AAOI",
    "catalyst_date": "2023-06-15",
    "explosion_metrics": {
      "gain_pct": 681.6931878275084,
      "volume_spike": "7.7x",
      "exit_quality": "sustained_move"
    },
    "profile": {
      "name": "Applied Optoelectronics, Inc.",
      "market_cap": 81001799.52,
      "shares_outstanding": 28520000.0,
      "sic_description": "SEMICONDUCTORS & RELATED DEVICES",
      "primary_exchange": "XNAS",
      "is_ultra_low_float": false,
      "is_low_float": true,
      "is_micro_cap": true,
      "float_category": "low",
      "has_data": true
    },
    "technicals": {
      "bar_count": 84,
      "bb_squeeze": {
        "is_squeezing": false,
        "current_width": 0.3760489861895977,
        "squeeze_ratio": 1.8923212472758775
      },
      "volume_trend": {
        "is_drying": false,
        "volume_ratio": 3.0821601784895356
      },
      "consolidation": {
        "is_consolidating": false,
        "range_pct": 1.2143961139324353
      },
      "volatility_rank": 60.317460317460316,
      "rsi": 96.73913043478261,
      "price_ma20": 2.5235,
      "price_ma50": 2.1949,
      "volume_ma20": 617642.4
    },
    "fundamentals": {
      "has_data": true,
      "revenue": 118630000.0,
      "revenue_qoq_growth": 15.228455979485586,
      "revenue_yoy_growth": 174.1622371157846,
      "is_accelerating": true,
      "net_income": -17936000.0,
      "turning_profitable": false,
      "cash": 0.0,
      "total_debt": 0.0
    },
    "relative_strength": {
      "relative_strength": 0.46090156111056385,
      "consistently_strong": true,
      "strongly_outperforming": true
    },
    "news": {
      "article_count": 4,
      "primary_catalyst": "other",
      "themes": {
        "earnings": 0,
        "fda_approval": 0,
        "merger": 0,
        "contract": 0,
        "upgrade": 0,
        "other": 4
      }
    },
    "price_patterns": {
      "return_7d": 0.3878205128205128,
      "return_30d": 1.5028901734104048,
      "return_60d": 0.9771689497716896,
      "return_90d": 0.8347457627118645
    },
    "volume_profile": {
      "avg_volume": 292310.0595238095,
      "median_volume": 166371.0,
      "unusual_volume_days": 10,
      "dry_volume_days": 38
    },
    "scores": {
      "setup_score": 60,
      "technical_score": 0,
      "fundamental_score": 50,
      "catalyst_score": 0,
      "total_score": 110
    }
  },
  {
    "ticker": "VANI",
    "catalyst_date": "2024-02-28",
    "explosion_metrics": {
      "gain_pct": 679.9220077992201,
      "volume_spike": "2722.3x",
      "exit_quality": "volatile_exit"
    },
    "profile": {
      "name": "Vivani Medical, Inc. Common Stock (DE)",
      "market_cap": 52851550.96,
      "shares_outstanding": 50820000.0,
      "sic_description": "ELECTROMEDICAL & ELECTROTHERAPEUTIC APPARATUS",
      "primary_exchange": "XNAS",
      "is_ultra_low_float": false,
      "is_low_float": false,
      "is_micro_cap": true,
      "float_category": "medium",
      "has_data": true
    },
    "technicals": {
      "bar_count": 82,
      "bb_squeeze": {
        "is_squeezing": true,
        "current_width": 0.04686504478441168,
        "squeeze_ratio": 0.5305673047305117
      },
      "volume_trend": {
        "is_drying": false,
        "volume_ratio": 231.50731187320724
      },
      "consolidation": {
        "is_consolidating": false,
        "range_pct": 6.0159302541929875
      },
      "volatility_rank": 39.34426229508197,
      "rsi": 95.5,
      "price_ma20": 1.1807500000000002,
      "price_ma50": 1.0837180000000002,
      "volume_ma20": 7481691.25
    },
    "fundamentals": {
      "has_data": true,
      "revenue": 0.0,
      "revenue_qoq_growth": 0.0,
      "revenue_yoy_growth": 0.0,
      "is_accelerating": false,
      "net_income": -6302000.0,
      "turning_profitable": false,
      "cash": 0.0,
      "total_debt": 0.0
    },
    "relative_strength": {
      "relative_strength": 2.3855847404627895,
      "consistently_strong": true,
      "strongly_outperforming": true
    },
    "news": {
      "article_count": 9,
      "primary_catalyst": "earnings",
      "themes": {
        "earnings": 4,
        "fda_approval": 1,
        "merger": 0,
        "contract": 0,
        "upgrade": 0,
        "other": 4
      }
    },
    "price_patterns": {
      "return_7d": 2.4,
      "return_30d": 2.6310679611650483,
      "return_60d": 2.5961538461538463,
      "return_90d": 2.936842105263158
    },
    "volume_profile": {
      "avg_volume": 1857178.1707317072,
      "median_volume": 27351.5,
      "unusual_volume_days": 1,
      "dry_volume_days": 81
    },
    "scores": {
      "setup_score": 30,
      "technical_score": 40,
      "fundamental_score": 0,
      "catalyst_score": 50,
      "total_score": 120
    }
  },
  {
    "ticker": "CYBI",
    "catalyst_date": "2012-02-07",
    "explosion_metrics": {
      "gain_pct": 677.7777777777777,
      "volume_spike": "10.3x",
      "exit_quality": "unknown"
    },
    "profile": {
      "name": "CYBEX INTERNATIONAL INC.",
      "market_cap": 0.0,
      "shares_outstanding": 0.0,
      "sic_description": "SPORTING & ATHLETIC GOODS, NEC",
      "primary_exchange": "",
      "is_ultra_low_float": false,
      "is_low_float": false,
      "is_micro_cap": false,
      "float_category": "unknown",
      "has_data": true
    },
    "technicals": {
      "bar_count": 80,
      "bb_squeeze": {
        "is_squeezing": false,
        "current_width": 0.24748488529187615,
        "squeeze_ratio": 0.9672628280237525
      },
      "volume_trend": {
        "is_drying": false,
        "volume_ratio": 2.480281765671572
      },
      "consolidation": {
        "is_consolidating": false,
        "range_pct": 2.2521527931110614
      },
      "volatility_rank": 98.30508474576271,
      "rsi": 84.72860472860474,
      "price_ma20": 0.579625,
      "price_ma50": 0.517226,
      "volume_ma20": 71688.7
    },
    "fundamentals": {
      "has_data": true,
      "revenue": 34368000.0,
      "revenue_qoq_growth": 11.584415584415584,
      "revenue_yoy_growth": 5.539859968062891,
      "is_accelerating": false,
      "net_income": 1083000.0,
      "turning_profitable": true,
      "cash": 0.0,
      "total_debt": 21000000.0
    },
    "relative_strength": {
      "relative_strength": 1.469751649636687,
      "consistently_strong": true,
      "strongly_outperforming": true
    },
    "news": {
      "article_count": 0,
      "primary_catalyst": "unknown",
      "themes": {
        "earnings": 0,
        "fda_approval": 0,
        "merger": 0,
        "contract": 0,
        "upgrade": 0,
        "other": 0
      }
    },
    "price_patterns": {
      "return_7d": 1.349206349206349,
      "return_30d": 2.217391304347826,
      "return_60d": 2.0833333333333335,
      "return_90d": 0.5913978494623655
    },
    "volume_profile": {
      "avg_volume": 39027.4625,
      "median_volume": 20598.0,
      "unusual_volume_days": 8,
      "dry_volume_days": 37
    },
    "scores": {
      "setup_score": 0,
      "technical_score": 0,
      "fundamental_score": 50,
      "catalyst_score": 0,
      "total_score": 50
    }
  },
  {
    "ticker": "DAVE",
    "catalyst_date": "2024-03-05",
    "explosion_metrics": {
      "gain_pct": 673.0932203389831,
      "volume_spike": "10.6x",
      "exit_quality": "sustained_move"
    },
    "profile": {
      "name": "Dave Inc. Class A Common Stock",
      "market_cap": 68985646.74000001,
      "shares_outstanding": 10470000.0,
      "sic_description": "FINANCE SERVICES",
      "primary_exchange": "XNAS",
      "is_ultra_low_float": true,
      "is_low_float": true,
      "is_micro_cap": true,
      "float_category": "very_low",
      "has_data": true
    },
    "technicals": {
      "bar_count": 82,
      "bb_squeeze": {
        "is_squeezing": false,
        "current_width": 0.22002009852535206,
        "squeeze_ratio": 0.7635195685758598
      },
      "volume_trend": {
        "is_drying": false,
        "volume_ratio": 1.1538267216812845
      },
      "consolidation": {
        "is_consolidating": false,
        "range_pct": 1.1340641674385847
      },
      "volatility_rank": 52.459016393442624,
      "rsi": 73.96061269146608,
      "price_ma20": 23.621,
      "price_ma50": 16.866,
      "volume_ma20": 117155.7
    },
    "fundamentals": {
      "has_data": true,
      "revenue": 150725000.0,
      "revenue_qoq_growth": 14.39619906342737,
      "revenue_yoy_growth": 88.13110825417827,
      "is_accelerating": true,
      "net_income": 92072000.0,
      "turning_profitable": false,
      "cash": 0.0,
      "total_debt": 0.0
    },
    "relative_strength": {
      "relative_strength": 5.064289146889541,
      "consistently_strong": true,
      "strongly_outperforming": true
    },
    "news": {
      "article_count": 8,
      "primary_catalyst": "earnings",
      "themes": {
        "earnings": 6,
        "fda_approval": 0,
        "merger": 0,
        "contract": 0,
        "upgrade": 0,
        "other": 2
      }
    },
    "price_patterns": {
      "return_7d": 0.4173228346456694,
      "return_30d": 0.6289592760180994,
      "return_60d": 3.3425814234016893,
      "return_90d": 4.529953917050691
    },
    "volume_profile": {
      "avg_volume": 66592.29268292683,
      "median_volume": 39849.0,
      "unusual_volume_days": 10,
      "dry_volume_days": 38
    },
    "scores": {
      "setup_score": 80,
      "technical_score": 0,
      "fundamental_score": 50,
      "catalyst_score": 50,
      "total_score": 180
    }
  },
  {
    "ticker": "CNST",
    "catalyst_date": "2019-11-06",
    "explosion_metrics": {
      "gain_pct": 655.7404326123129,
      "volume_spike": "54.1x",
      "exit_quality": "volatile_exit"
    },
    "profile": {
      "name": "Constellation Pharmaceuticals, Inc.",
      "market_cap": 0.0,
      "shares_outstanding": 25810000.0,
      "sic_description": "PHARMACEUTICAL PREPARATIONS",
      "primary_exchange": "XNAS",
      "is_ultra_low_float": false,
      "is_low_float": true,
      "is_micro_cap": false,
      "float_category": "low",
      "has_data": true
    },
    "technicals": {
      "bar_count": 86,
      "bb_squeeze": {
        "is_squeezing": false,
        "current_width": 0.47928148105081103,
        "squeeze_ratio": 2.1855515266420715
      },
      "volume_trend": {
        "is_drying": false,
        "volume_ratio": 4.719304209554487
      },
      "consolidation": {
        "is_consolidating": false,
        "range_pct": 3.3941464394907204
      },
      "volatility_rank": 75.38461538461539,
      "rsi": 91.72450613988255,
      "price_ma20": 13.676749999999998,
      "price_ma50": 9.9463,
      "volume_ma20": 635127.5
    },
    "fundamentals": {
      "has_data": true,
      "revenue": 0.0,
      "revenue_qoq_growth": 0.0,
      "revenue_yoy_growth": 0.0,
      "is_accelerating": false,
      "net_income": -40072000.0,
      "turning_profitable": false,
      "cash": 0.0,
      "total_debt": 0.0
    },
    "relative_strength": {
      "relative_strength": 1.8050381672643527,
      "consistently_strong": true,
      "strongly_outperforming": true
    },
    "news": {
      "article_count": 0,
      "primary_catalyst": "unknown",
      "themes": {
        "earnings": 0,
        "fda_approval": 0,
        "merger": 0,
        "contract": 0,
        "upgrade": 0,
        "other": 0
      }
    },
    "price_patterns": {
      "return_7d": 1.061628760088041,
      "return_30d": 2.469135802469136,
      "return_60d": 2.702239789196311,
      "return_90d": 2.4268292682926833
    },
    "volume_profile": {
      "avg_volume": 196794.7441860465,
      "median_volume": 53299.0,
      "unusual_volume_days": 4,
      "dry_volume_days": 56
    },
    "scores": {
      "setup_score": 30,
      "technical_score": 0,
      "fundamental_score": 0,
      "catalyst_score": 0,
      "total_score": 30
    }
  },
  {
    "ticker": "NEON",
    "catalyst_date": "2020-04-28",
    "explosion_metrics": {
      "gain_pct": 654.4,
      "volume_spike": "30.7x",
      "exit_quality": "sustained_move"
    },
    "profile": {
      "name": "Neonode Inc. Common Stock",
      "market_cap": 25630700.13,
      "shares_outstanding": 8810000.0,
      "sic_description": "ELECTRONIC COMPONENTS, NEC",
      "primary_exchange": "XNAS",
      "is_ultra_low_float": true,
      "is_low_float": true,
      "is_micro_cap": true,
      "float_category": "ultra_low",
      "has_data": true
    },
    "technicals": {
      "bar_count": 83,
      "bb_squeeze": {
        "is_squeezing": false,
        "current_width": 0.37548666349678117,
        "squeeze_ratio": 1.50752195713744
      },
      "volume_trend": {
        "is_drying": false,
        "volume_ratio": 4.252409815351469
      },
      "consolidation": {
        "is_consolidating": false,
        "range_pct": 1.7442489151335925
      },
      "volatility_rank": 79.03225806451613,
      "rsi": 84.61851751289709,
      "price_ma20": 2.441995,
      "price_ma50": 2.1103940000000003,
      "volume_ma20": 120986.8
    },
    "fundamentals": {
      "has_data": true,
      "revenue": 430000.0,
      "revenue_qoq_growth": -16.17933723196881,
      "revenue_yoy_growth": -57.59368836291914,
      "is_accelerating": false,
      "net_income": 14184000.0,
      "turning_profitable": true,
      "cash": 0.0,
      "total_debt": 0.0
    },
    "relative_strength": {
      "relative_strength": 1.1735892355364137,
      "consistently_strong": true,
      "strongly_outperforming": true
    },
    "news": {
      "article_count": 0,
      "primary_catalyst": "unknown",
      "themes": {
        "earnings": 0,
        "fda_approval": 0,
        "merger": 0,
        "contract": 0,
        "upgrade": 0,
        "other": 0
      }
    },
    "price_patterns": {
      "return_7d": 0.638655462184874,
      "return_30d": 1.154696132596685,
      "return_60d": 0.8055555555555554,
      "return_90d": 0.7180616740088105
    },
    "volume_profile": {
      "avg_volume": 52395.79518072289,
      "median_volume": 25072.0,
      "unusual_volume_days": 5,
      "dry_volume_days": 43
    },
    "scores": {
      "setup_score": 80,
      "technical_score": 0,
      "fundamental_score": 50,
      "catalyst_score": 0,
      "total_score": 130
    }
  },
  {
    "ticker": "CHOP",
    "catalyst_date": "2015-04-08",
    "explosion_metrics": {
      "gain_pct": 654.0760869565217,
      "volume_spike": "27.8x",
      "exit_quality": "sustained_move"
    },
    "profile": {
      "name": "CHINA GERUI ADVANCED MATERIALS GROUP LTD ORD SHS",
      "market_cap": 0.0,
      "shares_outstanding": 0.0,
      "sic_description": "",
      "primary_exchange": "XNAS",
      "is_ultra_low_float": false,
      "is_low_float": false,
      "is_micro_cap": false,
      "float_category": "unknown",
      "has_data": true
    },
    "technicals": {
      "bar_count": 81,
      "bb_squeeze": {
        "is_squeezing": false,
        "current_width": 0.21393156305652528,
        "squeeze_ratio": 0.917292693678981
      },
      "volume_trend": {
        "is_drying": false,
        "volume_ratio": 2.855178506270285
      },
      "consolidation": {
        "is_consolidating": false,
        "range_pct": 0.6121907189126052
      },
      "volatility_rank": 40.0,
      "rsi": 67.56670394631729,
      "price_ma20": 0.704065,
      "price_ma50": 0.7867820000000001,
      "volume_ma20": 22300.8
    },
    "fundamentals": {
      "has_data": false
    },
    "relative_strength": {
      "relative_strength": -0.49355203933707253,
      "consistently_strong": false,
      "strongly_outperforming": false
    },
    "news": {
      "article_count": 0,
      "primary_catalyst": "unknown",
      "themes": {
        "earnings": 0,
        "fda_approval": 0,
        "merger": 0,
        "contract": 0,
        "upgrade": 0,
        "other": 0
      }
    },
    "price_patterns": {
      "return_7d": 0.5572131147540983,
      "return_30d": 0.09058553386911593,
      "return_60d": 0.06742330598943695,
      "return_90d": -0.23401338601725669
    },
    "volume_profile": {
      "avg_volume": 19277.0987654321,
      "median_volume": 8921.0,
      "unusual_volume_days": 13,
      "dry_volume_days": 43
    },
    "scores": {
      "setup_score": 0,
      "technical_score": 0,
      "fundamental_score": 0,
      "catalyst_score": 0,
      "total_score": 0
    }
  },
  {
    "ticker": "ACXP",
    "catalyst_date": "2023-10-06",
    "explosion_metrics": {
      "gain_pct": 653.8461538461539,
      "volume_spike": "2.1x",
      "exit_quality": "volatile_exit"
    },
    "profile": {
      "name": "Acurx Pharmaceuticals, Inc. Common Stock",
      "market_cap": 34611681.72,
      "shares_outstanding": 11670000.0,
      "sic_description": "PHARMACEUTICAL PREPARATIONS",
      "primary_exchange": "XNAS",
      "is_ultra_low_float": true,
      "is_low_float": true,
      "is_micro_cap": true,
      "float_category": "very_low",
      "has_data": true
    },
    "technicals": {
      "bar_count": 84,
      "bb_squeeze": {
        "is_squeezing": false,
        "current_width": 0.16267781832671208,
        "squeeze_ratio": 1.109482738187308
      },
      "volume_trend": {
        "is_drying": false,
        "volume_ratio": 18.618951254058924
      },
      "consolidation": {
        "is_consolidating": false,
        "range_pct": 0.5261647373959628
      },
      "volatility_rank": 95.23809523809523,
      "rsi": 57.857142857142854,
      "price_ma20": 31.689999999999998,
      "price_ma50": 35.254920000000006,
      "volume_ma20": 31121.065000000002
    },
    "fundamentals": {
      "has_data": true,
      "revenue": 0.0,
      "revenue_qoq_growth": 0.0,
      "revenue_yoy_growth": 0.0,
      "is_accelerating": false,
      "net_income": -2246279.0,
      "turning_profitable": false,
      "cash": 0.0,
      "total_debt": 0.0
    },
    "relative_strength": {
      "relative_strength": -0.32010435760427713,
      "consistently_strong": false,
      "strongly_outperforming": false
    },
    "news": {
      "article_count": 0,
      "primary_catalyst": "unknown",
      "themes": {
        "earnings": 0,
        "fda_approval": 0,
        "merger": 0,
        "contract": 0,
        "upgrade": 0,
        "other": 0
      }
    },
    "price_patterns": {
      "return_7d": 0.27999999999999997,
      "return_30d": 0.09090909090909079,
      "return_60d": 0.010526315789473648,
      "return_90d": -0.189873417721519
    },
    "volume_profile": {
      "avg_volume": 8624.323809523812,
      "median_volume": 1382.05,
      "unusual_volume_days": 5,
      "dry_volume_days": 76
    },
    "scores": {
      "setup_score": 80,
      "technical_score": 0,
      "fundamental_score": 0,
      "catalyst_score": 0,
      "total_score": 80
    }
  },
  {
    "ticker": "SAI",
    "catalyst_date": "2023-04-13",
    "explosion_metrics": {
      "gain_pct": 640.0,
      "volume_spike": "63.4x",
      "exit_quality": "volatile_exit"
    },
    "profile": {
      "name": "SAI.TECH Global Corporation Class A Ordinary Shares",
      "market_cap": 83487861.9,
      "shares_outstanding": 12930000.0,
      "sic_description": "SERVICES-COMPUTER PROCESSING & DATA PREPARATION",
      "primary_exchange": "XNAS",
      "is_ultra_low_float": true,
      "is_low_float": true,
      "is_micro_cap": true,
      "float_category": "very_low",
      "has_data": true
    },
    "technicals": {
      "bar_count": 82,
      "bb_squeeze": {
        "is_squeezing": true,
        "current_width": 0.060526721418233995,
        "squeeze_ratio": 0.2916744413772414
      },
      "volume_trend": {
        "is_drying": false,
        "volume_ratio": 4.606383417126844
      },
      "consolidation": {
        "is_consolidating": false,
        "range_pct": 0.6460683288365893
      },
      "volatility_rank": 3.278688524590164,
      "rsi": 74.63054187192117,
      "price_ma20": 1.22932,
      "price_ma50": 1.242466,
      "volume_ma20": 33533.55
    },
    "fundamentals": {
      "has_data": true,
      "revenue": 1462000000.0,
      "revenue_qoq_growth": -8.453350031308704,
      "revenue_yoy_growth": -47.10564399421129,
      "is_accelerating": false,
      "net_income": 42000000.0,
      "turning_profitable": false,
      "cash": 0.0,
      "total_debt": 1335000000.0
    },
    "relative_strength": {
      "relative_strength": -0.6244170309518333,
      "consistently_strong": false,
      "strongly_outperforming": false
    },
    "news": {
      "article_count": 6,
      "primary_catalyst": "other",
      "themes": {
        "earnings": 1,
        "fda_approval": 0,
        "merger": 0,
        "contract": 0,
        "upgrade": 0,
        "other": 5
      }
    },
    "price_patterns": {
      "return_7d": 0.25619834710743805,
      "return_30d": 0.2666666666666667,
      "return_60d": 0.27731092436974797,
      "return_90d": -0.09760151982901917
    },
    "volume_profile": {
      "avg_volume": 28207.170731707316,
      "median_volume": 7019.0,
      "unusual_volume_days": 5,
      "dry_volume_days": 57
    },
    "scores": {
      "setup_score": 80,
      "technical_score": 40,
      "fundamental_score": 0,
      "catalyst_score": 0,
      "total_score": 120
    }
  },
  {
    "ticker": "ABUS",
    "catalyst_date": "2020-05-12",
    "explosion_metrics": {
      "gain_pct": 636.3636363636364,
      "volume_spike": "2.7x",
      "exit_quality": "volatile_exit"
    },
    "profile": {
      "name": "Arbutus Biopharma Corporation Common Stock",
      "market_cap": 399044278.65000004,
      "shares_outstanding": 62110000.0,
      "sic_description": "PHARMACEUTICAL PREPARATIONS",
      "primary_exchange": "XNAS",
      "is_ultra_low_float": false,
      "is_low_float": false,
      "is_micro_cap": false,
      "float_category": "medium",
      "has_data": true
    },
    "technicals": {
      "bar_count": 84,
      "bb_squeeze": {
        "is_squeezing": true,
        "current_width": 0.15732327654204897,
        "squeeze_ratio": 0.45995586902809643
      },
      "volume_trend": {
        "is_drying": false,
        "volume_ratio": 0.722062749760458
      },
      "consolidation": {
        "is_consolidating": false,
        "range_pct": 0.8386253321323391
      },
      "volatility_rank": 41.269841269841265,
      "rsi": 74.00000000000001,
      "price_ma20": 1.2592500000000002,
      "price_ma50": 1.543502,
      "volume_ma20": 794506.8
    },
    "fundamentals": {
      "has_data": true,
      "revenue": 10739000.0,
      "revenue_qoq_growth": 508.7868480725623,
      "revenue_yoy_growth": 600.9791122715404,
      "is_accelerating": true,
      "net_income": 2523000.0,
      "turning_profitable": true,
      "cash": 0.0,
      "total_debt": 0.0
    },
    "relative_strength": {
      "relative_strength": -0.3148051196311965,
      "consistently_strong": false,
      "strongly_outperforming": false
    },
    "news": {
      "article_count": 0,
      "primary_catalyst": "unknown",
      "themes": {
        "earnings": 0,
        "fda_approval": 0,
        "merger": 0,
        "contract": 0,
        "upgrade": 0,
        "other": 0
      }
    },
    "price_patterns": {
      "return_7d": 0.29921259842519676,
      "return_30d": 0.5714285714285713,
      "return_60d": -0.22169811320754726,
      "return_90d": -0.4761904761904762
    },
    "volume_profile": {
      "avg_volume": 780737.630952381,
      "median_volume": 499967.0,
      "unusual_volume_days": 7,
      "dry_volume_days": 30
    },
    "scores": {
      "setup_score": 0,
      "technical_score": 40,
      "fundamental_score": 100,
      "catalyst_score": 0,
      "total_score": 140
    }
  },
  {
    "ticker": "SIDU",
    "catalyst_date": "2022-06-15",
    "explosion_metrics": {
      "gain_pct": 631.6879612729149,
      "volume_spike": "47.4x",
      "exit_quality": "unknown"
    },
    "profile": {
      "name": "Sidus Space, Inc. Class A Common Stock",
      "market_cap": 156006000.0,
      "shares_outstanding": 6200000.0,
      "sic_description": "RADIOTELEPHONE COMMUNICATIONS",
      "primary_exchange": "XNAS",
      "is_ultra_low_float": true,
      "is_low_float": true,
      "is_micro_cap": true,
      "float_category": "ultra_low",
      "has_data": true
    },
    "technicals": {
      "bar_count": 84,
      "bb_squeeze": {
        "is_squeezing": false,
        "current_width": 0.24118707978197623,
        "squeeze_ratio": 0.8174868683244237
      },
      "volume_trend": {
        "is_drying": false,
        "volume_ratio": 1.0196288069848032
      },
      "consolidation": {
        "is_consolidating": false,
        "range_pct": 1.969924953095685
      },
      "volatility_rank": 25.396825396825395,
      "rsi": 86.5296803652968,
      "price_ma20": 172.1,
      "price_ma50": 222.8588,
      "volume_ma20": 53690.5375
    },
    "fundamentals": {
      "has_data": true,
      "revenue": 1261023.0,
      "revenue_qoq_growth": 428.7441193489144,
      "revenue_yoy_growth": 27.955089698839192,
      "is_accelerating": false,
      "net_income": -5625070.0,
      "turning_profitable": false,
      "cash": 0.0,
      "total_debt": 0.0
    },
    "relative_strength": {
      "relative_strength": -0.3640523163365993,
      "consistently_strong": false,
      "strongly_outperforming": false
    },
    "news": {
      "article_count": 2,
      "primary_catalyst": "other",
      "themes": {
        "earnings": 0,
        "fda_approval": 0,
        "merger": 0,
        "contract": 0,
        "upgrade": 0,
        "other": 2
      }
    },
    "price_patterns": {
      "return_7d": 1.8023952095808384,
      "return_30d": 2.0789473684210527,
      "return_60d": 0.6774193548387096,
      "return_90d": 0.3
    },
    "volume_profile": {
      "avg_volume": 26493.077738095235,
      "median_volume": 1666.065,
      "unusual_volume_days": 2,
      "dry_volume_days": 80
    },
    "scores": {
      "setup_score": 80,
      "technical_score": 0,
      "fundamental_score": 0,
      "catalyst_score": 0,
      "total_score": 80
    }
  },
  {
    "ticker": "AAME",
    "catalyst_date": "2021-02-05",
    "explosion_metrics": {
      "gain_pct": 625.9090909090909,
      "volume_spike": "3205.5x",
      "exit_quality": "volatile_exit"
    },
    "profile": {
      "name": "Atlantic American Corp",
      "market_cap": 40757152.0,
      "shares_outstanding": 20450000.0,
      "sic_description": "LIFE INSURANCE",
      "primary_exchange": "XNAS",
      "is_ultra_low_float": false,
      "is_low_float": true,
      "is_micro_cap": true,
      "float_category": "low",
      "has_data": true
    },
    "technicals": {
      "bar_count": 80,
      "bb_squeeze": {
        "is_squeezing": false,
        "current_width": 0.11297923015345004,
        "squeeze_ratio": 1.3852160552120911
      },
      "volume_trend": {
        "is_drying": false,
        "volume_ratio": 83.29108075293811
      },
      "consolidation": {
        "is_consolidating": false,
        "range_pct": 5.790509997504091
      },
      "volatility_rank": 57.6271186440678,
      "rsi": 89.1008174386921,
      "price_ma20": 2.5095,
      "price_ma50": 2.3075,
      "volume_ma20": 5611603.3
    },
    "fundamentals": {
      "has_data": true,
      "revenue": 55290000.0,
      "revenue_qoq_growth": 10.30423940149626,
      "revenue_yoy_growth": 17.64580717918165,
      "is_accelerating": false,
      "net_income": 3316000.0,
      "turning_profitable": false,
      "cash": 0.0,
      "total_debt": 0.0
    },
    "relative_strength": {
      "relative_strength": 1.4722147885275467,
      "consistently_strong": true,
      "strongly_outperforming": true
    },
    "news": {
      "article_count": 0,
      "primary_catalyst": "unknown",
      "themes": {
        "earnings": 0,
        "fda_approval": 0,
        "merger": 0,
        "contract": 0,
        "upgrade": 0,
        "other": 0
      }
    },
    "price_patterns": {
      "return_7d": 1.1848739495798322,
      "return_30d": 1.2608695652173916,
      "return_60d": 1.4186046511627908,
      "return_90d": 1.3636363636363635
    },
    "volume_profile": {
      "avg_volume": 1424213.1375,
      "median_volume": 6509.5,
      "unusual_volume_days": 1,
      "dry_volume_days": 78
    },
    "scores": {
      "setup_score": 60,
      "technical_score": 0,
      "fundamental_score": 0,
      "catalyst_score": 0,
      "total_score": 60
    }
  },
  {
    "ticker": "TRMD",
    "catalyst_date": "2020-04-21",
    "explosion_metrics": {
      "gain_pct": 618.5294117647059,
      "volume_spike": "690.4x",
      "exit_quality": "volatile_exit"
    },
    "profile": {
      "name": "TORM plc Class A Common Stock",
      "market_cap": 783177010.5999999,
      "shares_outstanding": 80739898.0,
      "sic_description": "",
      "primary_exchange": "XNAS",
      "is_ultra_low_float": false,
      "is_low_float": false,
      "is_micro_cap": false,
      "float_category": "medium",
      "has_data": true
    },
    "technicals": {
      "bar_count": 42,
      "bb_squeeze": {
        "is_squeezing": false
      },
      "volume_trend": {
        "is_drying": false,
        "volume_ratio": 41.72457715598246
      },
      "consolidation": {
        "is_consolidating": false,
        "range_pct": 5.3408461291987
      },
      "volatility_rank": 50.0,
      "rsi": 76.48771021992238,
      "price_ma20": 7.838850000000001,
      "price_ma50": 0,
      "volume_ma20": 49954.75
    },
    "fundamentals": {
      "has_data": false
    },
    "relative_strength": {
      "relative_strength": 0.3647622835413263,
      "consistently_strong": true,
      "strongly_outperforming": true
    },
    "news": {
      "article_count": 0,
      "primary_catalyst": "unknown",
      "themes": {
        "earnings": 0,
        "fda_approval": 0,
        "merger": 0,
        "contract": 0,
        "upgrade": 0,
        "other": 0
      }
    },
    "price_patterns": {
      "return_7d": 0.6666666666666666,
      "return_30d": 0.7507002801120449,
      "return_60d": 0.7123287671232877,
      "return_90d": 0.3144058885383807
    },
    "volume_profile": {
      "avg_volume": 24414.119047619046,
      "median_volume": 1037.0,
      "unusual_volume_days": 1,
      "dry_volume_days": 41
    },
    "scores": {
      "setup_score": 0,
      "technical_score": 0,
      "fundamental_score": 0,
      "catalyst_score": 0,
      "total_score": 0
    }
  },
  {
    "ticker": "FOXO",
    "catalyst_date": "2023-01-20",
    "explosion_metrics": {
      "gain_pct": 617.0779646210964,
      "volume_spike": "7.0x",
      "exit_quality": "volatile_exit"
    },
    "profile": {
      "name": "FOXO Technologies Inc.",
      "market_cap": 69417825.69999999,
      "shares_outstanding": 16710000.0,
      "sic_description": "LIFE INSURANCE",
      "primary_exchange": "XASE",
      "is_ultra_low_float": true,
      "is_low_float": true,
      "is_micro_cap": true,
      "float_category": "very_low",
      "has_data": true
    },
    "technicals": {
      "bar_count": 83,
      "bb_squeeze": {
        "is_squeezing": false,
        "current_width": 0.3842461400037437,
        "squeeze_ratio": 0.9784087142030086
      },
      "volume_trend": {
        "is_drying": false,
        "volume_ratio": 0.7547015983439234
      },
      "consolidation": {
        "is_consolidating": false,
        "range_pct": 1.0228096616998932
      },
      "volatility_rank": 25.806451612903224,
      "rsi": 69.41469013006886,
      "price_ma20": 69.4435,
      "price_ma50": 88.4826,
      "volume_ma20": 2301.115335
    },
    "fundamentals": {
      "has_data": true,
      "revenue": 5218373.0,
      "revenue_qoq_growth": 64.62159928326267,
      "revenue_yoy_growth": 52083.73,
      "is_accelerating": true,
      "net_income": -526306.0,
      "turning_profitable": false,
      "cash": 0.0,
      "total_debt": 0.0
    },
    "relative_strength": {
      "relative_strength": -0.8139779521893342,
      "consistently_strong": false,
      "strongly_outperforming": false
    },
    "news": {
      "article_count": 1,
      "primary_catalyst": "fda_approval",
      "themes": {
        "earnings": 0,
        "fda_approval": 1,
        "merger": 0,
        "contract": 0,
        "upgrade": 0,
        "other": 0
      }
    },
    "price_patterns": {
      "return_7d": 0.2531486146095717,
      "return_30d": 0.7780557541100785,
      "return_60d": 0.024822329797095442,
      "return_90d": -0.37295185278548026
    },
    "volume_profile": {
      "avg_volume": 4649.633839759036,
      "median_volume": 1426.0251,
      "unusual_volume_days": 8,
      "dry_volume_days": 57
    },
    "scores": {
      "setup_score": 80,
      "technical_score": 0,
      "fundamental_score": 50,
      "catalyst_score": 50,
      "total_score": 180
    }
  },
  {
    "ticker": "ESNC",
    "catalyst_date": "2016-08-01",
    "explosion_metrics": {
      "gain_pct": 610.0,
      "volume_spike": "13.9x",
      "exit_quality": "sustained_move"
    },
    "profile": {
      "name": "ENSYNC, INC.  COM",
      "market_cap": 0.0,
      "shares_outstanding": 47609000.0,
      "sic_description": "",
      "primary_exchange": "XASE",
      "is_ultra_low_float": false,
      "is_low_float": true,
      "is_micro_cap": false,
      "float_category": "low",
      "has_data": true
    },
    "technicals": {
      "bar_count": 84,
      "bb_squeeze": {
        "is_squeezing": true,
        "current_width": 0.10716057214470784,
        "squeeze_ratio": 0.46224120098752863
      },
      "volume_trend": {
        "is_drying": false,
        "volume_ratio": 1.1481869047270774
      },
      "consolidation": {
        "is_consolidating": false,
        "range_pct": 0.5565501312530726
      },
      "volatility_rank": 15.873015873015872,
      "rsi": 61.17606602475929,
      "price_ma20": 0.36613999999999997,
      "price_ma50": 0.3728659999999999,
      "volume_ma20": 76532.8
    },
    "fundamentals": {
      "has_data": false
    },
    "relative_strength": {
      "relative_strength": 0.5178345999679335,
      "consistently_strong": true,
      "strongly_outperforming": true
    },
    "news": {
      "article_count": 0,
      "primary_catalyst": "unknown",
      "themes": {
        "earnings": 0,
        "fda_approval": 0,
        "merger": 0,
        "contract": 0,
        "upgrade": 0,
        "other": 0
      }
    },
    "price_patterns": {
      "return_7d": 0.27179194055444417,
      "return_30d": 0.14073314534734685,
      "return_60d": 0.08536585365853666,
      "return_90d": 0.8396031417941298
    },
    "volume_profile": {
      "avg_volume": 116411.94047619047,
      "median_volume": 61557.0,
      "unusual_volume_days": 10,
      "dry_volume_days": 42
    },
    "scores": {
      "setup_score": 30,
      "technical_score": 40,
      "fundamental_score": 0,
      "catalyst_score": 0,
      "total_score": 70
    }
  },
  {
    "ticker": "AUTO",
    "catalyst_date": "2020-08-20",
    "explosion_metrics": {
      "gain_pct": 604.2253521126761,
      "volume_spike": "20.1x",
      "exit_quality": "sustained_move"
    },
    "profile": {
      "name": "AutoWeb, Inc. Common Stock",
      "market_cap": 11311331.639999999,
      "shares_outstanding": 13150000.0,
      "sic_description": "SERVICES-COMPUTER PROGRAMMING, DATA PROCESSING, ETC.",
      "primary_exchange": "XNAS",
      "is_ultra_low_float": true,
      "is_low_float": true,
      "is_micro_cap": true,
      "float_category": "very_low",
      "has_data": true
    },
    "technicals": {
      "bar_count": 85,
      "bb_squeeze": {
        "is_squeezing": false,
        "current_width": 0.3413683167162941,
        "squeeze_ratio": 1.2580674621940247
      },
      "volume_trend": {
        "is_drying": false,
        "volume_ratio": 1.4415894727712861
      },
      "consolidation": {
        "is_consolidating": false,
        "range_pct": 1.4871745604765105
      },
      "volatility_rank": 20.3125,
      "rsi": 84.61538461538461,
      "price_ma20": 1.8939999999999997,
      "price_ma50": 1.511716,
      "volume_ma20": 763780.7
    },
    "fundamentals": {
      "has_data": true,
      "revenue": 17195000.0,
      "revenue_qoq_growth": -9.803818715904322,
      "revenue_yoy_growth": -3.831096196868009,
      "is_accelerating": false,
      "net_income": -4449000.0,
      "turning_profitable": false,
      "cash": 0.0,
      "total_debt": 32000.0
    },
    "relative_strength": {
      "relative_strength": 2.787961304192046,
      "consistently_strong": true,
      "strongly_outperforming": true
    },
    "news": {
      "article_count": 0,
      "primary_catalyst": "unknown",
      "themes": {
        "earnings": 0,
        "fda_approval": 0,
        "merger": 0,
        "contract": 0,
        "upgrade": 0,
        "other": 0
      }
    },
    "price_patterns": {
      "return_7d": 0.411764705882353,
      "return_30d": 1.3172413793103448,
      "return_60d": 1.8717948717948718,
      "return_90d": 2.952941176470588
    },
    "volume_profile": {
      "avg_volume": 449970.1058823529,
      "median_volume": 172367.0,
      "unusual_volume_days": 8,
      "dry_volume_days": 55
    },
    "scores": {
      "setup_score": 80,
      "technical_score": 0,
      "fundamental_score": 0,
      "catalyst_score": 0,
      "total_score": 80
    }
  },
  {
    "ticker": "CCCR",
    "catalyst_date": "2016-06-28",
    "explosion_metrics": {
      "gain_pct": 597.2111553784861,
      "volume_spike": "6.9x",
      "exit_quality": "unknown"
    },
    "profile": {
      "name": "CHINA COMMERCIAL CREDIT, INC",
      "market_cap": 0.0,
      "shares_outstanding": 0.0,
      "sic_description": "NATIONAL COMMERCIAL BANKS",
      "primary_exchange": "XNAS",
      "is_ultra_low_float": false,
      "is_low_float": false,
      "is_micro_cap": false,
      "float_category": "unknown",
      "has_data": true
    },
    "technicals": {
      "bar_count": 85,
      "bb_squeeze": {
        "is_squeezing": false,
        "current_width": 0.6501946795595048,
        "squeeze_ratio": 1.6221661606244293
      },
      "volume_trend": {
        "is_drying": false,
        "volume_ratio": 5.25813797567855
      },
      "consolidation": {
        "is_consolidating": false,
        "range_pct": 1.772500570459954
      },
      "volatility_rank": 75.0,
      "rsi": 83.67570298029972,
      "price_ma20": 1.0223499999999999,
      "price_ma50": 0.718936,
      "volume_ma20": 90974.2
    },
    "fundamentals": {
      "has_data": true,
      "revenue": 0.0,
      "revenue_qoq_growth": -100.0,
      "revenue_yoy_growth": 0.0,
      "is_accelerating": false,
      "net_income": 9503268.0,
      "turning_profitable": true,
      "cash": 0.0,
      "total_debt": 0.0
    },
    "relative_strength": {
      "relative_strength": 4.783531204794379,
      "consistently_strong": true,
      "strongly_outperforming": true
    },
    "news": {
      "article_count": 0,
      "primary_catalyst": "unknown",
      "themes": {
        "earnings": 0,
        "fda_approval": 0,
        "merger": 0,
        "contract": 0,
        "upgrade": 0,
        "other": 0
      }
    },
    "price_patterns": {
      "return_7d": 0.42276422764227645,
      "return_30d": 2.1818181818181817,
      "return_60d": 1.6758409785932722,
      "return_90d": 3.8476454293628812
    },
    "volume_profile": {
      "avg_volume": 35291.94117647059,
      "median_volume": 14910.0,
      "unusual_volume_days": 10,
      "dry_volume_days": 44
    },
    "scores": {
      "setup_score": 0,
      "technical_score": 0,
      "fundamental_score": 50,
      "catalyst_score": 0,
      "total_score": 50
    }
  },
  {
    "ticker": "GTEC",
    "catalyst_date": "2021-02-18",
    "explosion_metrics": {
      "gain_pct": 595.263157894737,
      "volume_spike": "39.8x",
      "exit_quality": "volatile_exit"
    },
    "profile": {
      "name": "Greenland Technologies Holding Corporation Ordinary Shares",
      "market_cap": 27644053.2,
      "shares_outstanding": 10020000.0,
      "sic_description": "GENERAL INDUSTRIAL MACHINERY & EQUIPMENT",
      "primary_exchange": "XNAS",
      "is_ultra_low_float": true,
      "is_low_float": true,
      "is_micro_cap": true,
      "float_category": "very_low",
      "has_data": true
    },
    "technicals": {
      "bar_count": 82,
      "bb_squeeze": {
        "is_squeezing": true,
        "current_width": 0.07454501126549783,
        "squeeze_ratio": 0.22314692305995157
      },
      "volume_trend": {
        "is_drying": false,
        "volume_ratio": 16.433857003795104
      },
      "consolidation": {
        "is_consolidating": false,
        "range_pct": 2.5246506044756925
      },
      "volatility_rank": 1.639344262295082,
      "rsi": 89.44099378881987,
      "price_ma20": 7.947000000000001,
      "price_ma50": 7.8908000000000005,
      "volume_ma20": 3373937.4
    },
    "fundamentals": {
      "has_data": true,
      "revenue": 23401597.0,
      "revenue_qoq_growth": 7.9530753547769475,
      "revenue_yoy_growth": 2.983709749044506,
      "is_accelerating": false,
      "net_income": 6585690.0,
      "turning_profitable": false,
      "cash": 0.0,
      "total_debt": 0.0
    },
    "relative_strength": {
      "relative_strength": 4.90096084811779,
      "consistently_strong": true,
      "strongly_outperforming": true
    },
    "news": {
      "article_count": 0,
      "primary_catalyst": "unknown",
      "themes": {
        "earnings": 0,
        "fda_approval": 0,
        "merger": 0,
        "contract": 0,
        "upgrade": 0,
        "other": 0
      }
    },
    "price_patterns": {
      "return_7d": 0.8658227848101265,
      "return_30d": 0.9679572763684913,
      "return_60d": 0.6769055745164962,
      "return_90d": 2.142857142857143
    },
    "volume_profile": {
      "avg_volume": 4463135.865853659,
      "median_volume": 176638.5,
      "unusual_volume_days": 7,
      "dry_volume_days": 72
    },
    "scores": {
      "setup_score": 80,
      "technical_score": 40,
      "fundamental_score": 0,
      "catalyst_score": 0,
      "total_score": 120
    }
  },
  {
    "ticker": "JYD",
    "catalyst_date": "2024-12-03",
    "explosion_metrics": {
      "gain_pct": 590.0,
      "volume_spike": "125.2x",
      "exit_quality": "unknown"
    },
    "profile": {
      "name": "Jayud Global Logistics Limited Class A Ordinary Shares",
      "market_cap": 12599946.792299999,
      "shares_outstanding": 14940000.0,
      "sic_description": "",
      "primary_exchange": "XNAS",
      "is_ultra_low_float": true,
      "is_low_float": true,
      "is_micro_cap": true,
      "float_category": "very_low",
      "has_data": true
    },
    "technicals": {
      "bar_count": 84,
      "bb_squeeze": {
        "is_squeezing": false,
        "current_width": 0.2225241271735996,
        "squeeze_ratio": 1.4349860346924304
      },
      "volume_trend": {
        "is_drying": false,
        "volume_ratio": 35.782402730068924
      },
      "consolidation": {
        "is_consolidating": false,
        "range_pct": 0.7344522038723786
      },
      "volatility_rank": 98.4126984126984,
      "rsi": 52.73972602739725,
      "price_ma20": 50.902249999999995,
      "price_ma50": 45.90370000000001,
      "volume_ma20": 14344.056
    },
    "fundamentals": {
      "has_data": false
    },
    "relative_strength": {
      "relative_strength": 0.679898040502573,
      "consistently_strong": true,
      "strongly_outperforming": true
    },
    "news": {
      "article_count": 3,
      "primary_catalyst": "other",
      "themes": {
        "earnings": 0,
        "fda_approval": 0,
        "merger": 0,
        "contract": 1,
        "upgrade": 0,
        "other": 2
      }
    },
    "price_patterns": {
      "return_7d": -0.12096774193548387,
      "return_30d": 0.3132530120481928,
      "return_60d": 0.2976190476190476,
      "return_90d": 0.4533333333333333
    },
    "volume_profile": {
      "avg_volume": 3774.291904761905,
      "median_volume": 373.97,
      "unusual_volume_days": 2,
      "dry_volume_days": 72
    },
    "scores": {
      "setup_score": 80,
      "technical_score": 0,
      "fundamental_score": 0,
      "catalyst_score": 0,
      "total_score": 80
    }
  },
  {
    "ticker": "RBT",
    "catalyst_date": "2023-07-18",
    "explosion_metrics": {
      "gain_pct": 588.4202148826104,
      "volume_spike": "50.5x",
      "exit_quality": "volatile_exit"
    },
    "profile": {
      "name": "Rubicon Technologies, Inc.",
      "market_cap": 45268220.52,
      "shares_outstanding": 55890000.0,
      "sic_description": "SERVICES-PREPACKAGED SOFTWARE",
      "primary_exchange": "XNYS",
      "is_ultra_low_float": false,
      "is_low_float": false,
      "is_micro_cap": true,
      "float_category": "medium",
      "has_data": true
    },
    "technicals": {
      "bar_count": 83,
      "bb_squeeze": {
        "is_squeezing": true,
        "current_width": 0.18113043050363983,
        "squeeze_ratio": 0.696589465643315
      },
      "volume_trend": {
        "is_drying": false,
        "volume_ratio": 2.0250956621471863
      },
      "consolidation": {
        "is_consolidating": false,
        "range_pct": 1.119838099992868
      },
      "volatility_rank": 29.03225806451613,
      "rsi": 70.77906119439666,
      "price_ma20": 2.9449199999999998,
      "price_ma50": 3.3912959999999996,
      "volume_ma20": 361322.66875
    },
    "fundamentals": {
      "has_data": true,
      "revenue": 163062000.0,
      "revenue_qoq_growth": -4.785205860198415,
      "revenue_yoy_growth": -11.850278133666336,
      "is_accelerating": false,
      "net_income": -17979000.0,
      "turning_profitable": false,
      "cash": 0.0,
      "total_debt": 0.0
    },
    "relative_strength": {
      "relative_strength": -0.48179931357849104,
      "consistently_strong": false,
      "strongly_outperforming": false
    },
    "news": {
      "article_count": 6,
      "primary_catalyst": "other",
      "themes": {
        "earnings": 0,
        "fda_approval": 1,
        "merger": 1,
        "contract": 1,
        "upgrade": 1,
        "other": 2
      }
    },
    "price_patterns": {
      "return_7d": 0.6897515527950311,
      "return_30d": 0.2985680190930789,
      "return_60d": -0.23366197183098583,
      "return_90d": 0.04654741296403154
    },
    "volume_profile": {
      "avg_volume": 157824.203313253,
      "median_volume": 60478.25,
      "unusual_volume_days": 3,
      "dry_volume_days": 56
    },
    "scores": {
      "setup_score": 30,
      "technical_score": 40,
      "fundamental_score": 0,
      "catalyst_score": 0,
      "total_score": 70
    }
  },
  {
    "ticker": "CXAI",
    "catalyst_date": "2024-01-22",
    "explosion_metrics": {
      "gain_pct": 586.4077669902913,
      "volume_spike": "17.8x",
      "exit_quality": "volatile_exit"
    },
    "profile": {
      "name": "CXApp Inc. Class A Common Stock",
      "market_cap": 23644302.95,
      "shares_outstanding": 9620000.0,
      "sic_description": "SERVICES-PREPACKAGED SOFTWARE",
      "primary_exchange": "XNAS",
      "is_ultra_low_float": true,
      "is_low_float": true,
      "is_micro_cap": true,
      "float_category": "ultra_low",
      "has_data": true
    },
    "technicals": {
      "bar_count": 82,
      "bb_squeeze": {
        "is_squeezing": false,
        "current_width": 0.12144312373364127,
        "squeeze_ratio": 0.9066584910816486
      },
      "volume_trend": {
        "is_drying": false,
        "volume_ratio": 1.963073337508034
      },
      "consolidation": {
        "is_consolidating": false,
        "range_pct": 0.4622616871245756
      },
      "volatility_rank": 32.78688524590164,
      "rsi": 56.164383561643824,
      "price_ma20": 1.2305,
      "price_ma50": 1.3270999999999997,
      "volume_ma20": 535279.55
    },
    "fundamentals": {
      "has_data": false
    },
    "relative_strength": {
      "relative_strength": -0.25057719531748257,
      "consistently_strong": false,
      "strongly_outperforming": false
    },
    "news": {
      "article_count": 1,
      "primary_catalyst": "merger",
      "themes": {
        "earnings": 0,
        "fda_approval": 0,
        "merger": 1,
        "contract": 0,
        "upgrade": 0,
        "other": 0
      }
    },
    "price_patterns": {
      "return_7d": 0.27777777777777757,
      "return_30d": 0.007299270072992544,
      "return_60d": 0.007299270072992544,
      "return_90d": 0.007299270072992544
    },
    "volume_profile": {
      "avg_volume": 459882.0487804878,
      "median_volume": 300882.0,
      "unusual_volume_days": 7,
      "dry_volume_days": 23
    },
    "scores": {
      "setup_score": 80,
      "technical_score": 0,
      "fundamental_score": 0,
      "catalyst_score": 50,
      "total_score": 130
    }
  },
  {
    "ticker": "GMBLW",
    "catalyst_date": "2020-10-16",
    "explosion_metrics": {
      "gain_pct": 584.2873358196855,
      "volume_spike": "9.3x",
      "exit_quality": "unknown"
    },
    "profile": {
      "name": "Esports Entertainment Group Inc. Warrant",
      "market_cap": 0.0,
      "shares_outstanding": 0.0,
      "sic_description": "SERVICES-AMUSEMENT & RECREATION SERVICES",
      "primary_exchange": "XNAS",
      "is_ultra_low_float": false,
      "is_low_float": false,
      "is_micro_cap": false,
      "float_category": "unknown",
      "has_data": true
    },
    "technicals": {
      "bar_count": 84,
      "bb_squeeze": {
        "is_squeezing": false,
        "current_width": 0.11586935218244801,
        "squeeze_ratio": 0.8226037320903665
      },
      "volume_trend": {
        "is_drying": false,
        "volume_ratio": 0.7173425801660888
      },
      "consolidation": {
        "is_consolidating": false,
        "range_pct": 0.7732045227357341
      },
      "volatility_rank": 63.49206349206349,
      "rsi": 74.07764113201952,
      "price_ma20": 2.496365,
      "price_ma50": 2.6375439999999997,
      "volume_ma20": 21059.6
    },
    "fundamentals": {
      "has_data": true,
      "revenue": 2582027.0,
      "revenue_qoq_growth": -4.007335815038719,
      "revenue_yoy_growth": -73.11862537042188,
      "is_accelerating": false,
      "net_income": -17048073.0,
      "turning_profitable": false,
      "cash": 0.0,
      "total_debt": 0.0
    },
    "relative_strength": {
      "relative_strength": -0.1328817544990749,
      "consistently_strong": false,
      "strongly_outperforming": false
    },
    "news": {
      "article_count": 0,
      "primary_catalyst": "unknown",
      "themes": {
        "earnings": 0,
        "fda_approval": 0,
        "merger": 0,
        "contract": 0,
        "upgrade": 0,
        "other": 0
      }
    },
    "price_patterns": {
      "return_7d": 0.22047244094488191,
      "return_30d": 0.49038461538461536,
      "return_60d": 0.03333333333333336,
      "return_90d": 0.02642209125223498
    },
    "volume_profile": {
      "avg_volume": 20602.178571428572,
      "median_volume": 12591.5,
      "unusual_volume_days": 10,
      "dry_volume_days": 34
    },
    "scores": {
      "setup_score": 0,
      "technical_score": 0,
      "fundamental_score": 0,
      "catalyst_score": 0,
      "total_score": 0
    }
  },
  {
    "ticker": "NMpH",
    "catalyst_date": "2020-08-19",
    "explosion_metrics": {
      "gain_pct": 584.1379310344828,
      "volume_spike": "76.1x",
      "exit_quality": "unknown"
    },
    "profile": {
      "name": "NAVIOS MARITIME HOLDNGS INC. 8.625% SER H",
      "market_cap": 0.0,
      "shares_outstanding": 4800000.0,
      "sic_description": "",
      "primary_exchange": "XNYS",
      "is_ultra_low_float": true,
      "is_low_float": true,
      "is_micro_cap": false,
      "float_category": "ultra_low",
      "has_data": true
    },
    "technicals": {
      "bar_count": 66,
      "bb_squeeze": {
        "is_squeezing": false,
        "current_width": 0.29788908196489716,
        "squeeze_ratio": 1.6689615117470769
      },
      "volume_trend": {
        "is_drying": false,
        "volume_ratio": 9.576369346221297
      },
      "consolidation": {
        "is_consolidating": false,
        "range_pct": 0.971782030500246
      },
      "volatility_rank": 11.11111111111111,
      "rsi": 69.5371464944985,
      "price_ma20": 2.20597,
      "price_ma50": 2.885788,
      "volume_ma20": 11740.15
    },
    "fundamentals": {
      "has_data": false
    },
    "relative_strength": {
      "relative_strength": -0.27359169840208425,
      "consistently_strong": false,
      "strongly_outperforming": false
    },
    "news": {
      "article_count": 0,
      "primary_catalyst": "unknown",
      "themes": {
        "earnings": 0,
        "fda_approval": 0,
        "merger": 0,
        "contract": 0,
        "upgrade": 0,
        "other": 0
      }
    },
    "price_patterns": {
      "return_7d": 0.6318134715025907,
      "return_30d": 0.2254474708171207,
      "return_60d": -0.10017142857142858,
      "return_90d": -0.11033898305084747
    },
    "volume_profile": {
      "avg_volume": 5630.651515151515,
      "median_volume": 1072.0,
      "unusual_volume_days": 6,
      "dry_volume_days": 50
    },
    "scores": {
      "setup_score": 50,
      "technical_score": 0,
      "fundamental_score": 0,
      "catalyst_score": 0,
      "total_score": 50
    }
  },
  {
    "ticker": "ELTK",
    "catalyst_date": "2019-05-16",
    "explosion_metrics": {
      "gain_pct": 581.25,
      "volume_spike": "276.4x",
      "exit_quality": "volatile_exit"
    },
    "profile": {
      "name": "Eltek Ltd",
      "market_cap": 16586613.879999999,
      "shares_outstanding": 2029999.0,
      "sic_description": "",
      "primary_exchange": "XNAS",
      "is_ultra_low_float": true,
      "is_low_float": true,
      "is_micro_cap": true,
      "float_category": "ultra_low",
      "has_data": true
    },
    "technicals": {
      "bar_count": 77,
      "bb_squeeze": {
        "is_squeezing": false,
        "current_width": 0.11136033855109431,
        "squeeze_ratio": 0.7359071005301648
      },
      "volume_trend": {
        "is_drying": false,
        "volume_ratio": 9.616691449354757
      },
      "consolidation": {
        "is_consolidating": false,
        "range_pct": 1.2182115939830165
      },
      "volatility_rank": 60.71428571428571,
      "rsi": 74.30746651990462,
      "price_ma20": 1.4430450000000001,
      "price_ma50": 1.695822,
      "volume_ma20": 466942.3
    },
    "fundamentals": {
      "has_data": false
    },
    "relative_strength": {
      "relative_strength": -0.40872135256168773,
      "consistently_strong": false,
      "strongly_outperforming": false
    },
    "news": {
      "article_count": 0,
      "primary_catalyst": "unknown",
      "themes": {
        "earnings": 0,
        "fda_approval": 0,
        "merger": 0,
        "contract": 0,
        "upgrade": 0,
        "other": 0
      }
    },
    "price_patterns": {
      "return_7d": 0.45925925925925914,
      "return_30d": 0.3310810810810811,
      "return_60d": 0.10674157303370783,
      "return_90d": -0.12444444444444445
    },
    "volume_profile": {
      "avg_volume": 139158.81818181818,
      "median_volume": 6883.0,
      "unusual_volume_days": 3,
      "dry_volume_days": 71
    },
    "scores": {
      "setup_score": 80,
      "technical_score": 0,
      "fundamental_score": 0,
      "catalyst_score": 0,
      "total_score": 80
    }
  },
  {
    "ticker": "QSI",
    "catalyst_date": "2024-11-20",
    "explosion_metrics": {
      "gain_pct": 576.3600718836791,
      "volume_spike": "494.9x",
      "exit_quality": "unknown"
    },
    "profile": {
      "name": "Quantum-Si Incorporated Class A Common Stock",
      "market_cap": 160252632.57,
      "shares_outstanding": 121880000.0,
      "sic_description": "MEASURING & CONTROLLING DEVICES, NEC",
      "primary_exchange": "XNAS",
      "is_ultra_low_float": false,
      "is_low_float": false,
      "is_micro_cap": true,
      "float_category": "medium",
      "has_data": true
    },
    "technicals": {
      "bar_count": 86,
      "bb_squeeze": {
        "is_squeezing": false,
        "current_width": 0.1692124218051651,
        "squeeze_ratio": 1.3803786627421926
      },
      "volume_trend": {
        "is_drying": false,
        "volume_ratio": 35.76513883912952
      },
      "consolidation": {
        "is_consolidating": false,
        "range_pct": 1.5677382154847728
      },
      "volatility_rank": 98.46153846153847,
      "rsi": 73.35276572668113,
      "price_ma20": 0.819145,
      "price_ma50": 0.8504,
      "volume_ma20": 14899336.6
    },
    "fundamentals": {
      "has_data": true,
      "revenue": 552000.0,
      "revenue_qoq_growth": -6.598984771573605,
      "revenue_yoy_growth": -11.254019292604502,
      "is_accelerating": false,
      "net_income": -35703000.0,
      "turning_profitable": false,
      "cash": 0.0,
      "total_debt": 0.0
    },
    "relative_strength": {
      "relative_strength": 0.1637805754625411,
      "consistently_strong": true,
      "strongly_outperforming": true
    },
    "news": {
      "article_count": 0,
      "primary_catalyst": "unknown",
      "themes": {
        "earnings": 0,
        "fda_approval": 0,
        "merger": 0,
        "contract": 0,
        "upgrade": 0,
        "other": 0
      }
    },
    "price_patterns": {
      "return_7d": 0.7566030582585618,
      "return_30d": 0.7355475090523161,
      "return_60d": 0.5274725274725273,
      "return_90d": 0.4796678731104959
    },
    "volume_profile": {
      "avg_volume": 3837342.7558139535,
      "median_volume": 496632.5,
      "unusual_volume_days": 1,
      "dry_volume_days": 85
    },
    "scores": {
      "setup_score": 30,
      "technical_score": 0,
      "fundamental_score": 0,
      "catalyst_score": 0,
      "total_score": 30
    }
  },
  {
    "ticker": "CTXRW",
    "catalyst_date": "2020-12-08",
    "explosion_metrics": {
      "gain_pct": 576.1505680554444,
      "volume_spike": "7.4x",
      "exit_quality": "volatile_exit"
    },
    "profile": {
      "name": "Citius Pharmaceuticals, Inc. Warrant",
      "market_cap": 0.0,
      "shares_outstanding": 38080000.0,
      "sic_description": "PHARMACEUTICAL PREPARATIONS",
      "primary_exchange": "XNAS",
      "is_ultra_low_float": false,
      "is_low_float": true,
      "is_micro_cap": false,
      "float_category": "low",
      "has_data": true
    },
    "technicals": {
      "bar_count": 62,
      "bb_squeeze": {
        "is_squeezing": false,
        "current_width": 0.3473303272464663,
        "squeeze_ratio": 1.2037204134409916
      },
      "volume_trend": {
        "is_drying": false,
        "volume_ratio": 1.4286108710266014
      },
      "consolidation": {
        "is_consolidating": false,
        "range_pct": 0.9529294432419062
      },
      "volatility_rank": 48.78048780487805,
      "rsi": 53.2916392363397,
      "price_ma20": 0.2453649,
      "price_ma50": 0.29474799999999995,
      "volume_ma20": 5950.45
    },
    "fundamentals": {
      "has_data": true,
      "revenue": 0.0,
      "revenue_qoq_growth": 0.0,
      "revenue_yoy_growth": 0.0,
      "is_accelerating": false,
      "net_income": -8863632.0,
      "turning_profitable": false,
      "cash": 0.0,
      "total_debt": 0.0
    },
    "relative_strength": {
      "relative_strength": 0.0007207621680873771,
      "consistently_strong": true,
      "strongly_outperforming": false
    },
    "news": {
      "article_count": 0,
      "primary_catalyst": "unknown",
      "themes": {
        "earnings": 0,
        "fda_approval": 0,
        "merger": 0,
        "contract": 0,
        "upgrade": 0,
        "other": 0
      }
    },
    "price_patterns": {
      "return_7d": 1.0725388601036268,
      "return_30d": 0.45322434150772023,
      "return_60d": -0.058823529411764754,
      "return_90d": -0.08597804633520038
    },
    "volume_profile": {
      "avg_volume": 4327.8387096774195,
      "median_volume": 2147.0,
      "unusual_volume_days": 7,
      "dry_volume_days": 31
    },
    "scores": {
      "setup_score": 30,
      "technical_score": 0,
      "fundamental_score": 0,
      "catalyst_score": 0,
      "total_score": 30
    }
  },
  {
    "ticker": "ADIL",
    "catalyst_date": "2018-11-29",
    "explosion_metrics": {
      "gain_pct": 573.9032112166442,
      "volume_spike": "173.8x",
      "exit_quality": "unknown"
    },
    "profile": {
      "name": "Adial Pharmaceuticals, Inc",
      "market_cap": 89023526.0,
      "shares_outstanding": 6540000.0,
      "sic_description": "PHARMACEUTICAL PREPARATIONS",
      "primary_exchange": "XNAS",
      "is_ultra_low_float": true,
      "is_low_float": true,
      "is_micro_cap": true,
      "float_category": "ultra_low",
      "has_data": true
    },
    "technicals": {
      "bar_count": 85,
      "bb_squeeze": {
        "is_squeezing": false,
        "current_width": 0.3651484388816345,
        "squeeze_ratio": 1.7939372209318858
      },
      "volume_trend": {
        "is_drying": false,
        "volume_ratio": 72.08000177604123
      },
      "consolidation": {
        "is_consolidating": false,
        "range_pct": 1.7889988903235077
      },
      "volatility_rank": 96.875,
      "rsi": 70.83246525194203,
      "price_ma20": 39.16737500000001,
      "price_ma50": 53.81315000000001,
      "volume_ma20": 16233.858000000002
    },
    "fundamentals": {
      "has_data": true,
      "revenue": 0.0,
      "revenue_qoq_growth": 0.0,
      "revenue_yoy_growth": 0.0,
      "is_accelerating": false,
      "net_income": -2228801.0,
      "turning_profitable": false,
      "cash": 0.0,
      "total_debt": 0.0
    },
    "relative_strength": {
      "relative_strength": -0.31668028031550155,
      "consistently_strong": false,
      "strongly_outperforming": false
    },
    "news": {
      "article_count": 0,
      "primary_catalyst": "unknown",
      "themes": {
        "earnings": 0,
        "fda_approval": 0,
        "merger": 0,
        "contract": 0,
        "upgrade": 0,
        "other": 0
      }
    },
    "price_patterns": {
      "return_7d": 1.105263157894737,
      "return_30d": 0.47368421052631576,
      "return_60d": 0.029411764705882353,
      "return_90d": -0.09211763561492825
    },
    "volume_profile": {
      "avg_volume": 4385.995294117647,
      "median_volume": 557.72,
      "unusual_volume_days": 4,
      "dry_volume_days": 75
    },
    "scores": {
      "setup_score": 80,
      "technical_score": 0,
      "fundamental_score": 0,
      "catalyst_score": 0,
      "total_score": 80
    }
  },
  {
    "ticker": "SANWW",
    "catalyst_date": "2012-09-13",
    "explosion_metrics": {
      "gain_pct": 573.0769230769231,
      "volume_spike": "7.3x",
      "exit_quality": "sustained_move"
    },
    "profile": {
      "name": "S&W SEED CO CL A WTS EXP 05/03/2015 (DE)",
      "market_cap": 0.0,
      "shares_outstanding": 0.0,
      "sic_description": "",
      "primary_exchange": "",
      "is_ultra_low_float": false,
      "is_low_float": false,
      "is_micro_cap": false,
      "float_category": "unknown",
      "has_data": true
    },
    "technicals": {
      "bar_count": 52,
      "bb_squeeze": {
        "is_squeezing": false
      },
      "volume_trend": {
        "is_drying": false,
        "volume_ratio": 0.8486177647815177
      },
      "consolidation": {
        "is_consolidating": false,
        "range_pct": 0.6039508451117729
      },
      "volatility_rank": 50.0,
      "rsi": 64.64646464646465,
      "price_ma20": 0.759655,
      "price_ma50": 0.855996,
      "volume_ma20": 4091.95
    },
    "fundamentals": {
      "has_data": true,
      "revenue": 2549188.0,
      "revenue_qoq_growth": -46.0834948347398,
      "revenue_yoy_growth": 0.0,
      "is_accelerating": false,
      "net_income": 20641.0,
      "turning_profitable": false,
      "cash": 0.0,
      "total_debt": 0.0
    },
    "relative_strength": {
      "relative_strength": -0.24645650745372943,
      "consistently_strong": false,
      "strongly_outperforming": false
    },
    "news": {
      "article_count": 0,
      "primary_catalyst": "unknown",
      "themes": {
        "earnings": 0,
        "fda_approval": 0,
        "merger": 0,
        "contract": 0,
        "upgrade": 0,
        "other": 0
      }
    },
    "price_patterns": {
      "return_7d": 0.20000000000000004,
      "return_30d": 0.47540983606557385,
      "return_60d": 0.05882352941176476,
      "return_90d": -0.0721649484536082
    },
    "volume_profile": {
      "avg_volume": 4170.346153846154,
      "median_volume": 2100.0,
      "unusual_volume_days": 6,
      "dry_volume_days": 26
    },
    "scores": {
      "setup_score": 0,
      "technical_score": 0,
      "fundamental_score": 0,
      "catalyst_score": 0,
      "total_score": 0
    }
  },
  {
    "ticker": "CAPR",
    "catalyst_date": "2017-07-18",
    "explosion_metrics": {
      "gain_pct": 570.347003154574,
      "volume_spike": "184.1x",
      "exit_quality": "volatile_exit"
    },
    "profile": {
      "name": "Capricor Therapeutics Inc",
      "market_cap": 74862380.5,
      "shares_outstanding": 21400000.0,
      "sic_description": "PHARMACEUTICAL PREPARATIONS",
      "primary_exchange": "XNAS",
      "is_ultra_low_float": false,
      "is_low_float": true,
      "is_micro_cap": true,
      "float_category": "low",
      "has_data": true
    },
    "technicals": {
      "bar_count": 84,
      "bb_squeeze": {
        "is_squeezing": true,
        "current_width": 0.1478108348820741,
        "squeeze_ratio": 0.4055035598423784
      },
      "volume_trend": {
        "is_drying": false,
        "volume_ratio": 14.649078801256127
      },
      "consolidation": {
        "is_consolidating": false,
        "range_pct": 1.2960496337060534
      },
      "volatility_rank": 57.14285714285714,
      "rsi": 80.76841883048343,
      "price_ma20": 7.5586,
      "price_ma50": 9.8542,
      "volume_ma20": 171759.57
    },
    "fundamentals": {
      "has_data": true,
      "revenue": 0.0,
      "revenue_qoq_growth": 0.0,
      "revenue_yoy_growth": -100.0,
      "is_accelerating": false,
      "net_income": -25910791.0,
      "turning_profitable": false,
      "cash": 0.0,
      "total_debt": 0.0
    },
    "relative_strength": {
      "relative_strength": -0.5988373091076544,
      "consistently_strong": false,
      "strongly_outperforming": false
    },
    "news": {
      "article_count": 0,
      "primary_catalyst": "unknown",
      "themes": {
        "earnings": 0,
        "fda_approval": 0,
        "merger": 0,
        "contract": 0,
        "upgrade": 0,
        "other": 0
      }
    },
    "price_patterns": {
      "return_7d": 0.9428571428571428,
      "return_30d": 0.8609742747673782,
      "return_60d": 0.48845354054941437,
      "return_90d": -0.5570032573289903
    },
    "volume_profile": {
      "avg_volume": 56128.05595238094,
      "median_volume": 7967.75,
      "unusual_volume_days": 3,
      "dry_volume_days": 76
    },
    "scores": {
      "setup_score": 60,
      "technical_score": 40,
      "fundamental_score": 0,
      "catalyst_score": 0,
      "total_score": 100
    }
  },
  {
    "ticker": "GBR",
    "catalyst_date": "2016-03-07",
    "explosion_metrics": {
      "gain_pct": 569.3548387096774,
      "volume_spike": "5.9x",
      "exit_quality": "volatile_exit"
    },
    "profile": {
      "name": "NEW CONCEPT ENERGY INC (DE)",
      "market_cap": 6414404.3066,
      "shares_outstanding": 1947000.0,
      "sic_description": "CRUDE PETROLEUM & NATURAL GAS",
      "primary_exchange": "XASE",
      "is_ultra_low_float": true,
      "is_low_float": true,
      "is_micro_cap": true,
      "float_category": "ultra_low",
      "has_data": true
    },
    "technicals": {
      "bar_count": 70,
      "bb_squeeze": {
        "is_squeezing": false,
        "current_width": 0.18487293170749672,
        "squeeze_ratio": 1.178250639588742
      },
      "volume_trend": {
        "is_drying": false,
        "volume_ratio": 1.2813679276956342
      },
      "consolidation": {
        "is_consolidating": false,
        "range_pct": 0.4551031062385801
      },
      "volatility_rank": 91.83673469387756,
      "rsi": 63.2183908045977,
      "price_ma20": 0.7231699999999999,
      "price_ma50": 0.871702,
      "volume_ma20": 9541.45
    },
    "fundamentals": {
      "has_data": true,
      "revenue": 38000.0,
      "revenue_qoq_growth": 2.7027027027027026,
      "revenue_yoy_growth": 8.571428571428571,
      "is_accelerating": false,
      "net_income": -20000.0,
      "turning_profitable": false,
      "cash": 0.0,
      "total_debt": 0.0
    },
    "relative_strength": {
      "relative_strength": -0.18327333213267066,
      "consistently_strong": false,
      "strongly_outperforming": false
    },
    "news": {
      "article_count": 0,
      "primary_catalyst": "unknown",
      "themes": {
        "earnings": 0,
        "fda_approval": 0,
        "merger": 0,
        "contract": 0,
        "upgrade": 0,
        "other": 0
      }
    },
    "price_patterns": {
      "return_7d": 0.446153846153846,
      "return_30d": 0.34285714285714286,
      "return_60d": -0.06930693069306937,
      "return_90d": -0.12962962962962973
    },
    "volume_profile": {
      "avg_volume": 6235.285714285715,
      "median_volume": 2852.0,
      "unusual_volume_days": 8,
      "dry_volume_days": 39
    },
    "scores": {
      "setup_score": 80,
      "technical_score": 0,
      "fundamental_score": 0,
      "catalyst_score": 0,
      "total_score": 80
    }
  },
  {
    "ticker": "CYAD",
    "catalyst_date": "2023-01-17",
    "explosion_metrics": {
      "gain_pct": 566.8114682884449,
      "volume_spike": "6432.3x",
      "exit_quality": "volatile_exit"
    },
    "profile": {
      "name": "Celyad Oncology SA American Depositary Shares",
      "market_cap": 39652392.78,
      "shares_outstanding": 16090000.0,
      "sic_description": "",
      "primary_exchange": "XNAS",
      "is_ultra_low_float": true,
      "is_low_float": true,
      "is_micro_cap": true,
      "float_category": "very_low",
      "has_data": true
    },
    "technicals": {
      "bar_count": 82,
      "bb_squeeze": {
        "is_squeezing": false,
        "current_width": 0.5536150079869288,
        "squeeze_ratio": 2.644901963274815
      },
      "volume_trend": {
        "is_drying": false,
        "volume_ratio": 742.353307278724
      },
      "consolidation": {
        "is_consolidating": false,
        "range_pct": 2.4593979081371398
      },
      "volatility_rank": 98.36065573770492,
      "rsi": 88.84475603467328,
      "price_ma20": 0.737657,
      "price_ma50": 0.9023612,
      "volume_ma20": 3286101.15
    },
    "fundamentals": {
      "has_data": false
    },
    "relative_strength": {
      "relative_strength": 0.05889183284627896,
      "consistently_strong": true,
      "strongly_outperforming": false
    },
    "news": {
      "article_count": 11,
      "primary_catalyst": "other",
      "themes": {
        "earnings": 3,
        "fda_approval": 2,
        "merger": 0,
        "contract": 1,
        "upgrade": 0,
        "other": 5
      }
    },
    "price_patterns": {
      "return_7d": 1.773722627737226,
      "return_30d": 0.8627450980392156,
      "return_60d": 0.8086625416468348,
      "return_90d": 0.7117117117117114
    },
    "volume_profile": {
      "avg_volume": 805247.9756097561,
      "median_volume": 4639.5,
      "unusual_volume_days": 1,
      "dry_volume_days": 81
    },
    "scores": {
      "setup_score": 80,
      "technical_score": 0,
      "fundamental_score": 0,
      "catalyst_score": 0,
      "total_score": 80
    }
  },
  {
    "ticker": "OMH",
    "catalyst_date": "2024-02-13",
    "explosion_metrics": {
      "gain_pct": 566.6666666666667,
      "volume_spike": "3118.0x",
      "exit_quality": "unknown"
    },
    "profile": {
      "name": "Ohmyhome Limited Ordinary Shares",
      "market_cap": 52387500.0,
      "shares_outstanding": 19500000.0,
      "sic_description": "",
      "primary_exchange": "XNAS",
      "is_ultra_low_float": true,
      "is_low_float": true,
      "is_micro_cap": true,
      "float_category": "very_low",
      "has_data": true
    },
    "technicals": {
      "bar_count": 83,
      "bb_squeeze": {
        "is_squeezing": false,
        "current_width": 0.3172166973184276,
        "squeeze_ratio": 1.8667215777368813
      },
      "volume_trend": {
        "is_drying": false,
        "volume_ratio": 196.70951930441052
      },
      "consolidation": {
        "is_consolidating": false,
        "range_pct": 4.100777271508979
      },
      "volatility_rank": 98.38709677419355,
      "rsi": 89.87025273685633,
      "price_ma20": 11.1723,
      "price_ma50": 14.180919999999999,
      "volume_ma20": 436636.12
    },
    "fundamentals": {
      "has_data": false
    },
    "relative_strength": {
      "relative_strength": -0.3112888725804971,
      "consistently_strong": false,
      "strongly_outperforming": false
    },
    "news": {
      "article_count": 12,
      "primary_catalyst": "other",
      "themes": {
        "earnings": 4,
        "fda_approval": 1,
        "merger": 1,
        "contract": 0,
        "upgrade": 0,
        "other": 6
      }
    },
    "price_patterns": {
      "return_7d": 1.2600000000000002,
      "return_30d": 0.6992481203007519,
      "return_60d": 0.32629107981220673,
      "return_90d": 0.18324607329842932
    },
    "volume_profile": {
      "avg_volume": 106731.44578313253,
      "median_volume": 1893.0,
      "unusual_volume_days": 1,
      "dry_volume_days": 82
    },
    "scores": {
      "setup_score": 80,
      "technical_score": 0,
      "fundamental_score": 0,
      "catalyst_score": 0,
      "total_score": 80
    }
  },
  {
    "ticker": "SIDU",
    "catalyst_date": "2024-12-16",
    "explosion_metrics": {
      "gain_pct": 565.2173913043479,
      "volume_spike": "405.8x",
      "exit_quality": "volatile_exit"
    },
    "profile": {
      "name": "Sidus Space, Inc. Class A Common Stock",
      "market_cap": 10996934.719999999,
      "shares_outstanding": 4080000.0,
      "sic_description": "RADIOTELEPHONE COMMUNICATIONS",
      "primary_exchange": "XNAS",
      "is_ultra_low_float": true,
      "is_low_float": true,
      "is_micro_cap": true,
      "float_category": "ultra_low",
      "has_data": true
    },
    "technicals": {
      "bar_count": 84,
      "bb_squeeze": {
        "is_squeezing": false,
        "current_width": 0.40736025818776805,
        "squeeze_ratio": 1.6945662549153522
      },
      "volume_trend": {
        "is_drying": false,
        "volume_ratio": 19.26679908291567
      },
      "consolidation": {
        "is_consolidating": false,
        "range_pct": 3.3615596691610867
      },
      "volatility_rank": 65.07936507936508,
      "rsi": 89.70588235294117,
      "price_ma20": 1.5305,
      "price_ma50": 2.0198,
      "volume_ma20": 15550259.55
    },
    "fundamentals": {
      "has_data": true,
      "revenue": 1261023.0,
      "revenue_qoq_growth": 428.7441193489144,
      "revenue_yoy_growth": 27.955089698839192,
      "is_accelerating": false,
      "net_income": -5625070.0,
      "turning_profitable": false,
      "cash": 0.0,
      "total_debt": 0.0
    },
    "relative_strength": {
      "relative_strength": 0.11779102253486351,
      "consistently_strong": true,
      "strongly_outperforming": true
    },
    "news": {
      "article_count": 0,
      "primary_catalyst": "unknown",
      "themes": {
        "earnings": 0,
        "fda_approval": 0,
        "merger": 0,
        "contract": 0,
        "upgrade": 0,
        "other": 0
      }
    },
    "price_patterns": {
      "return_7d": 2.367647058823529,
      "return_30d": 2.914529914529915,
      "return_60d": 0.9489361702127659,
      "return_90d": 0.7683397683397685
    },
    "volume_profile": {
      "avg_volume": 4197427.952380952,
      "median_volume": 258159.0,
      "unusual_volume_days": 2,
      "dry_volume_days": 78
    },
    "scores": {
      "setup_score": 80,
      "technical_score": 0,
      "fundamental_score": 0,
      "catalyst_score": 0,
      "total_score": 80
    }
  },
  {
    "ticker": "ATOS",
    "catalyst_date": "2021-06-07",
    "explosion_metrics": {
      "gain_pct": 562.1621621621622,
      "volume_spike": "5.8x",
      "exit_quality": "volatile_exit"
    },
    "profile": {
      "name": "Atossa Therapeutics, Inc. Common Stock",
      "market_cap": 492567787.90000004,
      "shares_outstanding": 71570000.0,
      "sic_description": "PHARMACEUTICAL PREPARATIONS",
      "primary_exchange": "XNAS",
      "is_ultra_low_float": false,
      "is_low_float": false,
      "is_micro_cap": false,
      "float_category": "medium",
      "has_data": true
    },
    "technicals": {
      "bar_count": 83,
      "bb_squeeze": {
        "is_squeezing": false,
        "current_width": 0.29110372461640793,
        "squeeze_ratio": 1.046598367959328
      },
      "volume_trend": {
        "is_drying": false,
        "volume_ratio": 1.547932089244682
      },
      "consolidation": {
        "is_consolidating": false,
        "range_pct": 1.5306795689465578
      },
      "volatility_rank": 69.35483870967742,
      "rsi": 92.90123456790124,
      "price_ma20": 3.3929999999999993,
      "price_ma50": 2.5822000000000003,
      "volume_ma20": 16322489.95
    },
    "fundamentals": {
      "has_data": true,
      "revenue": 0.0,
      "revenue_qoq_growth": 0.0,
      "revenue_yoy_growth": 0.0,
      "is_accelerating": false,
      "net_income": -8423000.0,
      "turning_profitable": false,
      "cash": 0.0,
      "total_debt": 0.0
    },
    "relative_strength": {
      "relative_strength": 0.4758701355461431,
      "consistently_strong": true,
      "strongly_outperforming": true
    },
    "news": {
      "article_count": 10,
      "primary_catalyst": "earnings",
      "themes": {
        "earnings": 4,
        "fda_approval": 3,
        "merger": 0,
        "contract": 0,
        "upgrade": 0,
        "other": 3
      }
    },
    "price_patterns": {
      "return_7d": 0.5529715762273901,
      "return_30d": 1.1696750902527075,
      "return_60d": 1.9174757281553396,
      "return_90d": 1.4233870967741935
    },
    "volume_profile": {
      "avg_volume": 12853738.903614458,
      "median_volume": 9077339.0,
      "unusual_volume_days": 6,
      "dry_volume_days": 20
    },
    "scores": {
      "setup_score": 0,
      "technical_score": 0,
      "fundamental_score": 0,
      "catalyst_score": 50,
      "total_score": 50
    }
  },
  {
    "ticker": "PROG",
    "catalyst_date": "2021-09-30",
    "explosion_metrics": {
      "gain_pct": 562.1004566210045,
      "volume_spike": "11.9x",
      "exit_quality": "sustained_move"
    },
    "profile": {
      "name": "Progenity, Inc. Common Stock",
      "market_cap": 358611527.64,
      "shares_outstanding": 60480000.0,
      "sic_description": "SERVICES-MEDICAL LABORATORIES",
      "primary_exchange": "XNAS",
      "is_ultra_low_float": false,
      "is_low_float": false,
      "is_micro_cap": false,
      "float_category": "medium",
      "has_data": true
    },
    "technicals": {
      "bar_count": 85,
      "bb_squeeze": {
        "is_squeezing": true,
        "current_width": 0.21549717948387234,
        "squeeze_ratio": 0.614670629676545
      },
      "volume_trend": {
        "is_drying": false,
        "volume_ratio": 1.7598233358525492
      },
      "consolidation": {
        "is_consolidating": false,
        "range_pct": 1.0241195803138021
      },
      "volatility_rank": 56.25,
      "rsi": 71.58149171270719,
      "price_ma20": 1.0174699999999999,
      "price_ma50": 1.3933679999999997,
      "volume_ma20": 17364803.0
    },
    "fundamentals": {
      "has_data": true,
      "revenue": 107000.0,
      "revenue_qoq_growth": -41.208791208791204,
      "revenue_yoy_growth": -99.58755733723933,
      "is_accelerating": false,
      "net_income": -13808000.0,
      "turning_profitable": false,
      "cash": 0.0,
      "total_debt": 0.0
    },
    "relative_strength": {
      "relative_strength": -0.3268957951824545,
      "consistently_strong": false,
      "strongly_outperforming": false
    },
    "news": {
      "article_count": 12,
      "primary_catalyst": "other",
      "themes": {
        "earnings": 0,
        "fda_approval": 0,
        "merger": 0,
        "contract": 1,
        "upgrade": 0,
        "other": 11
      }
    },
    "price_patterns": {
      "return_7d": 0.5926236378876781,
      "return_30d": 0.708441047544116,
      "return_60d": -0.2761904761904762,
      "return_90d": -0.551622418879056
    },
    "volume_profile": {
      "avg_volume": 8005991.74117647,
      "median_volume": 3452741.0,
      "unusual_volume_days": 12,
      "dry_volume_days": 48
    },
    "scores": {
      "setup_score": 0,
      "technical_score": 40,
      "fundamental_score": 0,
      "catalyst_score": 0,
      "total_score": 40
    }
  },
  {
    "ticker": "MFH",
    "catalyst_date": "2020-10-13",
    "explosion_metrics": {
      "gain_pct": 553.7313432835822,
      "volume_spike": "15.6x",
      "exit_quality": "volatile_exit"
    },
    "profile": {
      "name": "Mercurity Fintech Holding Inc. ADS",
      "market_cap": 24792612.669999998,
      "shares_outstanding": 2108870000.0,
      "sic_description": "",
      "primary_exchange": "XNAS",
      "is_ultra_low_float": false,
      "is_low_float": false,
      "is_micro_cap": true,
      "float_category": "high",
      "has_data": true
    },
    "technicals": {
      "bar_count": 85,
      "bb_squeeze": {
        "is_squeezing": true,
        "current_width": 0.08982460866956463,
        "squeeze_ratio": 0.421735650077222
      },
      "volume_trend": {
        "is_drying": false,
        "volume_ratio": 2.248225275849585
      },
      "consolidation": {
        "is_consolidating": false,
        "range_pct": 0.6299212598425199
      },
      "volatility_rank": 14.0625,
      "rsi": 70.23809523809523,
      "price_ma20": 2.3005,
      "price_ma50": 2.588102,
      "volume_ma20": 214248.0
    },
    "fundamentals": {
      "has_data": false
    },
    "relative_strength": {
      "relative_strength": 0.011448090495914248,
      "consistently_strong": true,
      "strongly_outperforming": false
    },
    "news": {
      "article_count": 0,
      "primary_catalyst": "unknown",
      "themes": {
        "earnings": 0,
        "fda_approval": 0,
        "merger": 0,
        "contract": 0,
        "upgrade": 0,
        "other": 0
      }
    },
    "price_patterns": {
      "return_7d": 0.40952380952380946,
      "return_30d": 0.29257641921397376,
      "return_60d": -0.11641791044776123,
      "return_90d": 0.042253521126760604
    },
    "volume_profile": {
      "avg_volume": 336915.96470588236,
      "median_volume": 94192.0,
      "unusual_volume_days": 8,
      "dry_volume_days": 59
    },
    "scores": {
      "setup_score": 30,
      "technical_score": 40,
      "fundamental_score": 0,
      "catalyst_score": 0,
      "total_score": 70
    }
  },
  {
    "ticker": "HUMAW",
    "catalyst_date": "2024-05-14",
    "explosion_metrics": {
      "gain_pct": 548.3861753784632,
      "volume_spike": "26.0x",
      "exit_quality": "unknown"
    },
    "profile": {
      "name": "Humacyte, Inc. Warrant",
      "market_cap": 0.0,
      "shares_outstanding": 103460000.0,
      "sic_description": "BIOLOGICAL PRODUCTS, (NO DISGNOSTIC SUBSTANCES)",
      "primary_exchange": "XNAS",
      "is_ultra_low_float": false,
      "is_low_float": false,
      "is_micro_cap": false,
      "float_category": "medium",
      "has_data": true
    },
    "technicals": {
      "bar_count": 81,
      "bb_squeeze": {
        "is_squeezing": false,
        "current_width": 0.19514803720061702,
        "squeeze_ratio": 0.7430299455135772
      },
      "volume_trend": {
        "is_drying": false,
        "volume_ratio": 3.387037997637407
      },
      "consolidation": {
        "is_consolidating": false,
        "range_pct": 1.1377111345361617
      },
      "volatility_rank": 40.0,
      "rsi": 81.7940857567582,
      "price_ma20": 0.6981574499999998,
      "price_ma50": 0.68008698,
      "volume_ma20": 38850.85
    },
    "fundamentals": {
      "has_data": true,
      "revenue": 301000.0,
      "revenue_qoq_growth": -41.77949709864603,
      "revenue_yoy_growth": 0.0,
      "is_accelerating": false,
      "net_income": -37658000.0,
      "turning_profitable": false,
      "cash": 0.0,
      "total_debt": 0.0
    },
    "relative_strength": {
      "relative_strength": 1.8989035996286676,
      "consistently_strong": true,
      "strongly_outperforming": true
    },
    "news": {
      "article_count": 0,
      "primary_catalyst": "unknown",
      "themes": {
        "earnings": 0,
        "fda_approval": 0,
        "merger": 0,
        "contract": 0,
        "upgrade": 0,
        "other": 0
      }
    },
    "price_patterns": {
      "return_7d": 0.6666666666666666,
      "return_30d": 1.4110910186859553,
      "return_60d": 0.8020723832407266,
      "return_90d": 0.7910447761194028
    },
    "volume_profile": {
      "avg_volume": 21802.345679012345,
      "median_volume": 8472.0,
      "unusual_volume_days": 9,
      "dry_volume_days": 50
    },
    "scores": {
      "setup_score": 0,
      "technical_score": 0,
      "fundamental_score": 0,
      "catalyst_score": 0,
      "total_score": 0
    }
  },
  {
    "ticker": "GRAN",
    "catalyst_date": "2010-04-09",
    "explosion_metrics": {
      "gain_pct": 546.2962962962963,
      "volume_spike": "20.3x",
      "exit_quality": "volatile_exit"
    },
    "profile": {
      "name": "BANK OF GRANITE CORP",
      "market_cap": 0.0,
      "shares_outstanding": 0.0,
      "sic_description": "",
      "primary_exchange": "",
      "is_ultra_low_float": false,
      "is_low_float": false,
      "is_micro_cap": false,
      "float_category": "unknown",
      "has_data": true
    },
    "technicals": {
      "bar_count": 82,
      "bb_squeeze": {
        "is_squeezing": true,
        "current_width": 0.20339752990731452,
        "squeeze_ratio": 0.477666817616456
      },
      "volume_trend": {
        "is_drying": false,
        "volume_ratio": 2.951110298158447
      },
      "consolidation": {
        "is_consolidating": false,
        "range_pct": 0.6908754574335464
      },
      "volatility_rank": 52.459016393442624,
      "rsi": 53.90835579514825,
      "price_ma20": 1.175125,
      "price_ma50": 1.263084,
      "volume_ma20": 183119.05
    },
    "fundamentals": {
      "has_data": false
    },
    "relative_strength": {
      "relative_strength": 1.2296409604308478,
      "consistently_strong": true,
      "strongly_outperforming": true
    },
    "news": {
      "article_count": 0,
      "primary_catalyst": "unknown",
      "themes": {
        "earnings": 0,
        "fda_approval": 0,
        "merger": 0,
        "contract": 0,
        "upgrade": 0,
        "other": 0
      }
    },
    "price_patterns": {
      "return_7d": 0.6241212121212123,
      "return_30d": -0.06951388888888879,
      "return_60d": 0.21809090909090909,
      "return_90d": 0.4254255319148938
    },
    "volume_profile": {
      "avg_volume": 155540.01219512196,
      "median_volume": 71612.5,
      "unusual_volume_days": 9,
      "dry_volume_days": 46
    },
    "scores": {
      "setup_score": 0,
      "technical_score": 40,
      "fundamental_score": 0,
      "catalyst_score": 0,
      "total_score": 40
    }
  },
  {
    "ticker": "GTEC",
    "catalyst_date": "2020-11-10",
    "explosion_metrics": {
      "gain_pct": 544.0677966101696,
      "volume_spike": "1061.0x",
      "exit_quality": "volatile_exit"
    },
    "profile": {
      "name": "Greenland Technologies Holding Corporation Ordinary Shares",
      "market_cap": 42145851.6,
      "shares_outstanding": 10020000.0,
      "sic_description": "GENERAL INDUSTRIAL MACHINERY & EQUIPMENT",
      "primary_exchange": "XNAS",
      "is_ultra_low_float": true,
      "is_low_float": true,
      "is_micro_cap": true,
      "float_category": "very_low",
      "has_data": true
    },
    "technicals": {
      "bar_count": 86,
      "bb_squeeze": {
        "is_squeezing": false,
        "current_width": 0.2902457725268643,
        "squeeze_ratio": 1.7885862968551538
      },
      "volume_trend": {
        "is_drying": false,
        "volume_ratio": 221.6267749415193
      },
      "consolidation": {
        "is_consolidating": false,
        "range_pct": 3.2867412140575083
      },
      "volatility_rank": 83.07692307692308,
      "rsi": 81.62790697674419,
      "price_ma20": 2.5,
      "price_ma50": 2.603356,
      "volume_ma20": 8640607.4
    },
    "fundamentals": {
      "has_data": true,
      "revenue": 23401597.0,
      "revenue_qoq_growth": 7.9530753547769475,
      "revenue_yoy_growth": 2.983709749044506,
      "is_accelerating": false,
      "net_income": 6585690.0,
      "turning_profitable": false,
      "cash": 0.0,
      "total_debt": 0.0
    },
    "relative_strength": {
      "relative_strength": 0.2625890877496402,
      "consistently_strong": true,
      "strongly_outperforming": true
    },
    "news": {
      "article_count": 0,
      "primary_catalyst": "unknown",
      "themes": {
        "earnings": 0,
        "fda_approval": 0,
        "merger": 0,
        "contract": 0,
        "upgrade": 0,
        "other": 0
      }
    },
    "price_patterns": {
      "return_7d": 1.6192893401015231,
      "return_30d": 1.064,
      "return_60d": 0.8628158844765343,
      "return_90d": 0.7793103448275863
    },
    "volume_profile": {
      "avg_volume": 2042100.1511627906,
      "median_volume": 29801.5,
      "unusual_volume_days": 1,
      "dry_volume_days": 83
    },
    "scores": {
      "setup_score": 80,
      "technical_score": 0,
      "fundamental_score": 0,
      "catalyst_score": 0,
      "total_score": 80
    }
  },
  {
    "ticker": "AAOI",
    "catalyst_date": "2024-11-08",
    "explosion_metrics": {
      "gain_pct": 542.5373134328357,
      "volume_spike": "7.1x",
      "exit_quality": "sustained_move"
    },
    "profile": {
      "name": "Applied Optoelectronics, Inc.",
      "market_cap": 359120221.59000003,
      "shares_outstanding": 38910000.0,
      "sic_description": "SEMICONDUCTORS & RELATED DEVICES",
      "primary_exchange": "XNAS",
      "is_ultra_low_float": false,
      "is_low_float": true,
      "is_micro_cap": false,
      "float_category": "low",
      "has_data": true
    },
    "technicals": {
      "bar_count": 86,
      "bb_squeeze": {
        "is_squeezing": true,
        "current_width": 0.1481194746075123,
        "squeeze_ratio": 0.6734077748577338
      },
      "volume_trend": {
        "is_drying": false,
        "volume_ratio": 1.5717580284477326
      },
      "consolidation": {
        "is_consolidating": false,
        "range_pct": 0.9062349672593046
      },
      "volatility_rank": 12.307692307692308,
      "rsi": 74.58798511430089,
      "price_ma20": 17.8145,
      "price_ma50": 15.594100000000001,
      "volume_ma20": 3682339.7
    },
    "fundamentals": {
      "has_data": true,
      "revenue": 118630000.0,
      "revenue_qoq_growth": 15.228455979485586,
      "revenue_yoy_growth": 174.1622371157846,
      "is_accelerating": true,
      "net_income": -17936000.0,
      "turning_profitable": false,
      "cash": 0.0,
      "total_debt": 0.0
    },
    "relative_strength": {
      "relative_strength": 1.9326306875846133,
      "consistently_strong": true,
      "strongly_outperforming": true
    },
    "news": {
      "article_count": 1,
      "primary_catalyst": "earnings",
      "themes": {
        "earnings": 1,
        "fda_approval": 0,
        "merger": 0,
        "contract": 0,
        "upgrade": 0,
        "other": 0
      }
    },
    "price_patterns": {
      "return_7d": 0.648456057007126,
      "return_30d": 0.7167594310451453,
      "return_60d": 1.1321044546851,
      "return_90d": 2.536305732484077
    },
    "volume_profile": {
      "avg_volume": 2702058.88372093,
      "median_volume": 2123528.5,
      "unusual_volume_days": 4,
      "dry_volume_days": 9
    },
    "scores": {
      "setup_score": 30,
      "technical_score": 40,
      "fundamental_score": 50,
      "catalyst_score": 50,
      "total_score": 170
    }
  },
  {
    "ticker": "AEHR",
    "catalyst_date": "2021-05-19",
    "explosion_metrics": {
      "gain_pct": 539.6907216494845,
      "volume_spike": "13.2x",
      "exit_quality": "sustained_move"
    },
    "profile": {
      "name": "Aehr Test Systems",
      "market_cap": 59753396.25,
      "shares_outstanding": 23310000.0,
      "sic_description": "INSTRUMENTS FOR MEAS & TESTING OF ELECTRICITY & ELEC SIGNALS",
      "primary_exchange": "XNAS",
      "is_ultra_low_float": false,
      "is_low_float": true,
      "is_micro_cap": true,
      "float_category": "low",
      "has_data": true
    },
    "technicals": {
      "bar_count": 85,
      "bb_squeeze": {
        "is_squeezing": true,
        "current_width": 0.0974924762908667,
        "squeeze_ratio": 0.6230450420621991
      },
      "volume_trend": {
        "is_drying": false,
        "volume_ratio": 1.8490920147080863
      },
      "consolidation": {
        "is_consolidating": false,
        "range_pct": 0.3248053392658509
      },
      "volatility_rank": 35.9375,
      "rsi": 54.07407407407407,
      "price_ma20": 2.2387500000000005,
      "price_ma50": 2.3565,
      "volume_ma20": 373260.95
    },
    "fundamentals": {
      "has_data": true,
      "revenue": 10969000.0,
      "revenue_qoq_growth": -40.08302834981154,
      "revenue_yoy_growth": -48.81713405814008,
      "is_accelerating": false,
      "net_income": -2084000.0,
      "turning_profitable": false,
      "cash": 0.0,
      "total_debt": 0.0
    },
    "relative_strength": {
      "relative_strength": -0.009509808236865008,
      "consistently_strong": false,
      "strongly_outperforming": false
    },
    "news": {
      "article_count": 8,
      "primary_catalyst": "other",
      "themes": {
        "earnings": 3,
        "fda_approval": 1,
        "merger": 0,
        "contract": 0,
        "upgrade": 0,
        "other": 4
      }
    },
    "price_patterns": {
      "return_7d": 0.1921182266009853,
      "return_30d": 0.14150943396226406,
      "return_60d": -0.06563706563706562,
      "return_90d": -0.2818991097922849
    },
    "volume_profile": {
      "avg_volume": 431452.7411764706,
      "median_volume": 189436.0,
      "unusual_volume_days": 11,
      "dry_volume_days": 49
    },
    "scores": {
      "setup_score": 60,
      "technical_score": 40,
      "fundamental_score": 0,
      "catalyst_score": 0,
      "total_score": 100
    }
  },
  {
    "ticker": "DEFTF",
    "catalyst_date": "2024-04-04",
    "explosion_metrics": {
      "gain_pct": 539.2661080612539,
      "volume_spike": "11.5x",
      "exit_quality": "sustained_move"
    },
    "profile": {
      "name": "DEFI TECHNOLOGIES INC",
      "market_cap": 0.0,
      "shares_outstanding": 0.0,
      "sic_description": "",
      "primary_exchange": "OTC Link",
      "is_ultra_low_float": false,
      "is_low_float": false,
      "is_micro_cap": false,
      "float_category": "unknown",
      "has_data": true
    },
    "technicals": {
      "bar_count": 82,
      "bb_squeeze": {
        "is_squeezing": true,
        "current_width": 0.09168419109153028,
        "squeeze_ratio": 0.42103757492040333
      },
      "volume_trend": {
        "is_drying": false,
        "volume_ratio": 0.8263623129546994
      },
      "consolidation": {
        "is_consolidating": false,
        "range_pct": 0.6577157124603982
      },
      "volatility_rank": 26.229508196721312,
      "rsi": 71.67663683695136,
      "price_ma20": 0.4860064000000001,
      "price_ma50": 0.47695218000000006,
      "volume_ma20": 325152.25
    },
    "fundamentals": {
      "has_data": false
    },
    "relative_strength": {
      "relative_strength": 1.2523499491097343,
      "consistently_strong": true,
      "strongly_outperforming": true
    },
    "news": {
      "article_count": 0,
      "primary_catalyst": "unknown",
      "themes": {
        "earnings": 0,
        "fda_approval": 0,
        "merger": 0,
        "contract": 0,
        "upgrade": 0,
        "other": 0
      }
    },
    "price_patterns": {
      "return_7d": 0.2753061224489796,
      "return_30d": 0.38866666666666666,
      "return_60d": 0.5571891353102418,
      "return_90d": 0.2342484692869841
    },
    "volume_profile": {
      "avg_volume": 300773.73170731706,
      "median_volume": 219290.5,
      "unusual_volume_days": 7,
      "dry_volume_days": 21
    },
    "scores": {
      "setup_score": 0,
      "technical_score": 40,
      "fundamental_score": 0,
      "catalyst_score": 0,
      "total_score": 40
    }
  },
  {
    "ticker": "ESNC",
    "catalyst_date": "2016-05-02",
    "explosion_metrics": {
      "gain_pct": 538.4615384615385,
      "volume_spike": "15.7x",
      "exit_quality": "sustained_move"
    },
    "profile": {
      "name": "ENSYNC, INC.  COM",
      "market_cap": 0.0,
      "shares_outstanding": 47157000.0,
      "sic_description": "",
      "primary_exchange": "XASE",
      "is_ultra_low_float": false,
      "is_low_float": true,
      "is_micro_cap": false,
      "float_category": "low",
      "has_data": true
    },
    "technicals": {
      "bar_count": 83,
      "bb_squeeze": {
        "is_squeezing": false,
        "current_width": 0.1867485624117108,
        "squeeze_ratio": 1.4322269138078165
      },
      "volume_trend": {
        "is_drying": false,
        "volume_ratio": 4.073008383635938
      },
      "consolidation": {
        "is_consolidating": false,
        "range_pct": 0.8195768425947455
      },
      "volatility_rank": 41.935483870967744,
      "rsi": 51.9536281665951,
      "price_ma20": 0.24499000000000004,
      "price_ma50": 0.277538,
      "volume_ma20": 172129.0
    },
    "fundamentals": {
      "has_data": false
    },
    "relative_strength": {
      "relative_strength": -0.22376698076332732,
      "consistently_strong": false,
      "strongly_outperforming": false
    },
    "news": {
      "article_count": 0,
      "primary_catalyst": "unknown",
      "themes": {
        "earnings": 0,
        "fda_approval": 0,
        "merger": 0,
        "contract": 0,
        "upgrade": 0,
        "other": 0
      }
    },
    "price_patterns": {
      "return_7d": 0.4634146341463415,
      "return_30d": 0.05820105820105826,
      "return_60d": -0.03225806451612906,
      "return_90d": -0.16689808386559288
    },
    "volume_profile": {
      "avg_volume": 84625.3373493976,
      "median_volume": 57913.0,
      "unusual_volume_days": 7,
      "dry_volume_days": 31
    },
    "scores": {
      "setup_score": 30,
      "technical_score": 0,
      "fundamental_score": 0,
      "catalyst_score": 0,
      "total_score": 30
    }
  },
  {
    "ticker": "VRML",
    "catalyst_date": "2020-03-27",
    "explosion_metrics": {
      "gain_pct": 529.0018832391713,
      "volume_spike": "5.6x",
      "exit_quality": "sustained_move"
    },
    "profile": {
      "name": "Vermillion, Inc.",
      "market_cap": 0.0,
      "shares_outstanding": 97240000.0,
      "sic_description": "IN VITRO & IN VIVO DIAGNOSTIC SUBSTANCES",
      "primary_exchange": "XNAS",
      "is_ultra_low_float": false,
      "is_low_float": false,
      "is_micro_cap": false,
      "float_category": "medium",
      "has_data": true
    },
    "technicals": {
      "bar_count": 82,
      "bb_squeeze": {
        "is_squeezing": false,
        "current_width": 0.20200426801582574,
        "squeeze_ratio": 1.7433860142794586
      },
      "volume_trend": {
        "is_drying": false,
        "volume_ratio": 1.312122426107862
      },
      "consolidation": {
        "is_consolidating": false,
        "range_pct": 0.549050129010476
      },
      "volatility_rank": 95.08196721311475,
      "rsi": 58.03795202291443,
      "price_ma20": 0.78931395,
      "price_ma50": 0.80701158,
      "volume_ma20": 156066.4
    },
    "fundamentals": {
      "has_data": true,
      "revenue": 2153000.0,
      "revenue_qoq_growth": 76.47540983606558,
      "revenue_yoy_growth": 168.11955168119553,
      "is_accelerating": true,
      "net_income": -4629000.0,
      "turning_profitable": false,
      "cash": 0.0,
      "total_debt": 1596000.0
    },
    "relative_strength": {
      "relative_strength": 0.3400953661108237,
      "consistently_strong": true,
      "strongly_outperforming": true
    },
    "news": {
      "article_count": 0,
      "primary_catalyst": "unknown",
      "themes": {
        "earnings": 0,
        "fda_approval": 0,
        "merger": 0,
        "contract": 0,
        "upgrade": 0,
        "other": 0
      }
    },
    "price_patterns": {
      "return_7d": 0.3233823529411764,
      "return_30d": 0.01135086536300292,
      "return_60d": 0.16885309780490973,
      "return_90d": 0.097439024390244
    },
    "volume_profile": {
      "avg_volume": 136226.36585365853,
      "median_volume": 97487.5,
      "unusual_volume_days": 7,
      "dry_volume_days": 24
    },
    "scores": {
      "setup_score": 0,
      "technical_score": 0,
      "fundamental_score": 50,
      "catalyst_score": 0,
      "total_score": 50
    }
  },
  {
    "ticker": "AAOI",
    "catalyst_date": "2023-05-30",
    "explosion_metrics": {
      "gain_pct": 525.0,
      "volume_spike": "4.2x",
      "exit_quality": "sustained_move"
    },
    "profile": {
      "name": "Applied Optoelectronics, Inc.",
      "market_cap": 66690527.52,
      "shares_outstanding": 28520000.0,
      "sic_description": "SEMICONDUCTORS & RELATED DEVICES",
      "primary_exchange": "XNAS",
      "is_ultra_low_float": false,
      "is_low_float": true,
      "is_micro_cap": true,
      "float_category": "low",
      "has_data": true
    },
    "technicals": {
      "bar_count": 84,
      "bb_squeeze": {
        "is_squeezing": false,
        "current_width": 0.13293705402935163,
        "squeeze_ratio": 0.8775951409708452
      },
      "volume_trend": {
        "is_drying": false,
        "volume_ratio": 1.9630651885342374
      },
      "consolidation": {
        "is_consolidating": false,
        "range_pct": 0.3940711813259963
      },
      "volatility_rank": 38.095238095238095,
      "rsi": 72.72727272727272,
      "price_ma20": 1.7877500000000002,
      "price_ma50": 2.0001,
      "volume_ma20": 238760.65
    },
    "fundamentals": {
      "has_data": true,
      "revenue": 118630000.0,
      "revenue_qoq_growth": 15.228455979485586,
      "revenue_yoy_growth": 174.1622371157846,
      "is_accelerating": true,
      "net_income": -17936000.0,
      "turning_profitable": false,
      "cash": 0.0,
      "total_debt": 0.0
    },
    "relative_strength": {
      "relative_strength": -0.06177840474998966,
      "consistently_strong": false,
      "strongly_outperforming": false
    },
    "news": {
      "article_count": 4,
      "primary_catalyst": "other",
      "themes": {
        "earnings": 1,
        "fda_approval": 0,
        "merger": 0,
        "contract": 0,
        "upgrade": 0,
        "other": 3
      }
    },
    "price_patterns": {
      "return_7d": 0.33720930232558133,
      "return_30d": 0.2637362637362636,
      "return_60d": 0.04072398190045243,
      "return_90d": -0.15750915750915756
    },
    "volume_profile": {
      "avg_volume": 191935.70238095237,
      "median_volume": 137645.0,
      "unusual_volume_days": 9,
      "dry_volume_days": 25
    },
    "scores": {
      "setup_score": 60,
      "technical_score": 0,
      "fundamental_score": 50,
      "catalyst_score": 0,
      "total_score": 110
    }
  },
  {
    "ticker": "CAPR",
    "catalyst_date": "2024-09-24",
    "explosion_metrics": {
      "gain_pct": 524.4318181818181,
      "volume_spike": "87.0x",
      "exit_quality": "volatile_exit"
    },
    "profile": {
      "name": "Capricor Therapeutics Inc",
      "market_cap": 190550705.3,
      "shares_outstanding": 31810000.0,
      "sic_description": "PHARMACEUTICAL PREPARATIONS",
      "primary_exchange": "XNAS",
      "is_ultra_low_float": false,
      "is_low_float": true,
      "is_micro_cap": true,
      "float_category": "low",
      "has_data": true
    },
    "technicals": {
      "bar_count": 83,
      "bb_squeeze": {
        "is_squeezing": false,
        "current_width": 0.13675990312197783,
        "squeeze_ratio": 1.0512900639598752
      },
      "volume_trend": {
        "is_drying": false,
        "volume_ratio": 5.024010683520431
      },
      "consolidation": {
        "is_consolidating": false,
        "range_pct": 1.174781048097631
      },
      "volatility_rank": 98.38709677419355,
      "rsi": 88.8707037643208,
      "price_ma20": 4.846749999999998,
      "price_ma50": 4.485,
      "volume_ma20": 1872191.05
    },
    "fundamentals": {
      "has_data": true,
      "revenue": 0.0,
      "revenue_qoq_growth": 0.0,
      "revenue_yoy_growth": -100.0,
      "is_accelerating": false,
      "net_income": -25910791.0,
      "turning_profitable": false,
      "cash": 0.0,
      "total_debt": 0.0
    },
    "relative_strength": {
      "relative_strength": 0.41349218603266685,
      "consistently_strong": true,
      "strongly_outperforming": true
    },
    "news": {
      "article_count": 0,
      "primary_catalyst": "unknown",
      "themes": {
        "earnings": 0,
        "fda_approval": 0,
        "merger": 0,
        "contract": 0,
        "upgrade": 0,
        "other": 0
      }
    },
    "price_patterns": {
      "return_7d": 0.7913385826771653,
      "return_30d": 0.8609406952965236,
      "return_60d": 1.0823798627002288,
      "return_90d": 0.9654427645788337
    },
    "volume_profile": {
      "avg_volume": 778885.0602409638,
      "median_volume": 330550.0,
      "unusual_volume_days": 3,
      "dry_volume_days": 57
    },
    "scores": {
      "setup_score": 60,
      "technical_score": 0,
      "fundamental_score": 0,
      "catalyst_score": 0,
      "total_score": 60
    }
  },
  {
    "ticker": "NISN",
    "catalyst_date": "2024-07-12",
    "explosion_metrics": {
      "gain_pct": 522.4739840244407,
      "volume_spike": "83.2x",
      "exit_quality": "sustained_move"
    },
    "profile": {
      "name": "NiSun International Enterprise Development Group Co., Ltd. Class A Common Shares",
      "market_cap": 17556894.52,
      "shares_outstanding": 4010000.0,
      "sic_description": "",
      "primary_exchange": "XNAS",
      "is_ultra_low_float": true,
      "is_low_float": true,
      "is_micro_cap": true,
      "float_category": "ultra_low",
      "has_data": true
    },
    "technicals": {
      "bar_count": 83,
      "bb_squeeze": {
        "is_squeezing": false,
        "current_width": 0.2981165753050812,
        "squeeze_ratio": 1.0322938856709174
      },
      "volume_trend": {
        "is_drying": false,
        "volume_ratio": 4.016771063357971
      },
      "consolidation": {
        "is_consolidating": false,
        "range_pct": 2.076364090983677
      },
      "volatility_rank": 91.93548387096774,
      "rsi": 86.40406607369758,
      "price_ma20": 4.2924500000000005,
      "price_ma50": 5.19588,
      "volume_ma20": 431829.4
    },
    "fundamentals": {
      "has_data": false
    },
    "relative_strength": {
      "relative_strength": 1.0063567078894822,
      "consistently_strong": true,
      "strongly_outperforming": true
    },
    "news": {
      "article_count": 2,
      "primary_catalyst": "earnings",
      "themes": {
        "earnings": 1,
        "fda_approval": 0,
        "merger": 0,
        "contract": 0,
        "upgrade": 0,
        "other": 1
      }
    },
    "price_patterns": {
      "return_7d": 1.1529411764705884,
      "return_30d": 1.188995215311005,
      "return_60d": 0.2690707350901526,
      "return_90d": 0.6516245487364621
    },
    "volume_profile": {
      "avg_volume": 178257.0843373494,
      "median_volume": 81248.0,
      "unusual_volume_days": 2,
      "dry_volume_days": 50
    },
    "scores": {
      "setup_score": 80,
      "technical_score": 0,
      "fundamental_score": 0,
      "catalyst_score": 50,
      "total_score": 130
    }
  },
  {
    "ticker": "ATOS",
    "catalyst_date": "2020-04-06",
    "explosion_metrics": {
      "gain_pct": 521.1920529801324,
      "volume_spike": "63.4x",
      "exit_quality": "sustained_move"
    },
    "profile": {
      "name": "Atossa Genetics Inc.",
      "market_cap": 173475030.70000002,
      "shares_outstanding": 9130000.0,
      "sic_description": "PHARMACEUTICAL PREPARATIONS",
      "primary_exchange": "XNAS",
      "is_ultra_low_float": true,
      "is_low_float": true,
      "is_micro_cap": true,
      "float_category": "ultra_low",
      "has_data": true
    },
    "technicals": {
      "bar_count": 82,
      "bb_squeeze": {
        "is_squeezing": false,
        "current_width": 0.3243811554382085,
        "squeeze_ratio": 2.137813794078137
      },
      "volume_trend": {
        "is_drying": false,
        "volume_ratio": 7.10044836285557
      },
      "consolidation": {
        "is_consolidating": false,
        "range_pct": 1.2511118814417452
      },
      "volatility_rank": 98.36065573770492,
      "rsi": 74.59136018680678,
      "price_ma20": 1.01308495,
      "price_ma50": 1.22597598,
      "volume_ma20": 489581.95
    },
    "fundamentals": {
      "has_data": true,
      "revenue": 0.0,
      "revenue_qoq_growth": 0.0,
      "revenue_yoy_growth": 0.0,
      "is_accelerating": false,
      "net_income": -8423000.0,
      "turning_profitable": false,
      "cash": 0.0,
      "total_debt": 0.0
    },
    "relative_strength": {
      "relative_strength": 0.20593288967266332,
      "consistently_strong": true,
      "strongly_outperforming": true
    },
    "news": {
      "article_count": 0,
      "primary_catalyst": "unknown",
      "themes": {
        "earnings": 0,
        "fda_approval": 0,
        "merger": 0,
        "contract": 0,
        "upgrade": 0,
        "other": 0
      }
    },
    "price_patterns": {
      "return_7d": 0.1278195488721804,
      "return_30d": 0.36363636363636354,
      "return_60d": 0.0,
      "return_90d": -0.07407407407407414
    },
    "volume_profile": {
      "avg_volume": 180605.24390243902,
      "median_volume": 72985.5,
      "unusual_volume_days": 3,
      "dry_volume_days": 48
    },
    "scores": {
      "setup_score": 80,
      "technical_score": 0,
      "fundamental_score": 0,
      "catalyst_score": 0,
      "total_score": 80
    }
  },
  {
    "ticker": "KOPN",
    "catalyst_date": "2020-12-22",
    "explosion_metrics": {
      "gain_pct": 516.289592760181,
      "volume_spike": "9.4x",
      "exit_quality": "sustained_move"
    },
    "profile": {
      "name": "Kopin Corp",
      "market_cap": 126300582.22000001,
      "shares_outstanding": 84960000.0,
      "sic_description": "SEMICONDUCTORS & RELATED DEVICES",
      "primary_exchange": "XNAS",
      "is_ultra_low_float": false,
      "is_low_float": false,
      "is_micro_cap": true,
      "float_category": "medium",
      "has_data": true
    },
    "technicals": {
      "bar_count": 85,
      "bb_squeeze": {
        "is_squeezing": false,
        "current_width": 0.24106606791683385,
        "squeeze_ratio": 1.679203756738962
      },
      "volume_trend": {
        "is_drying": false,
        "volume_ratio": 3.893659866230486
      },
      "consolidation": {
        "is_consolidating": false,
        "range_pct": 1.0173501577287067
      },
      "volatility_rank": 98.4375,
      "rsi": 82.63888888888889,
      "price_ma20": 1.857,
      "price_ma50": 1.5557999999999998,
      "volume_ma20": 1729580.65
    },
    "fundamentals": {
      "has_data": true,
      "revenue": 300200.0,
      "revenue_qoq_growth": -42.25223960126729,
      "revenue_yoy_growth": 44.8072934253051,
      "is_accelerating": false,
      "net_income": -5166633.0,
      "turning_profitable": false,
      "cash": 0.0,
      "total_debt": 0.0
    },
    "relative_strength": {
      "relative_strength": 0.9290796687274,
      "consistently_strong": true,
      "strongly_outperforming": true
    },
    "news": {
      "article_count": 0,
      "primary_catalyst": "unknown",
      "themes": {
        "earnings": 0,
        "fda_approval": 0,
        "merger": 0,
        "contract": 0,
        "upgrade": 0,
        "other": 0
      }
    },
    "price_patterns": {
      "return_7d": 0.5930232558139537,
      "return_30d": 0.8896551724137933,
      "return_60d": 1.0601503759398496,
      "return_90d": 1.2276422764227644
    },
    "volume_profile": {
      "avg_volume": 753572.3294117647,
      "median_volume": 403706.0,
      "unusual_volume_days": 6,
      "dry_volume_days": 39
    },
    "scores": {
      "setup_score": 30,
      "technical_score": 0,
      "fundamental_score": 0,
      "catalyst_score": 0,
      "total_score": 30
    }
  },
  {
    "ticker": "URRE",
    "catalyst_date": "2010-11-08",
    "explosion_metrics": {
      "gain_pct": 516.0,
      "volume_spike": "5.1x",
      "exit_quality": "sustained_move"
    },
    "profile": {
      "name": "Uranium Resources, Inc. New Common Stock",
      "market_cap": 0.0,
      "shares_outstanding": 0.0,
      "sic_description": "METAL MINING",
      "primary_exchange": "",
      "is_ultra_low_float": false,
      "is_low_float": false,
      "is_micro_cap": false,
      "float_category": "unknown",
      "has_data": true
    },
    "technicals": {
      "bar_count": 85,
      "bb_squeeze": {
        "is_squeezing": true,
        "current_width": 0.15788050023817027,
        "squeeze_ratio": 0.6549104406918393
      },
      "volume_trend": {
        "is_drying": false,
        "volume_ratio": 1.5537608186501224
      },
      "consolidation": {
        "is_consolidating": false,
        "range_pct": 0.8612828047421217
      },
      "volatility_rank": 96.875,
      "rsi": 91.85185185185185,
      "price_ma20": 1.438495,
      "price_ma50": 1.174292,
      "volume_ma20": 2854539.0
    },
    "fundamentals": {
      "has_data": true,
      "revenue": 0.0,
      "revenue_qoq_growth": -100.0,
      "revenue_yoy_growth": 0.0,
      "is_accelerating": false,
      "net_income": -2898000.0,
      "turning_profitable": false,
      "cash": 0.0,
      "total_debt": 0.0
    },
    "relative_strength": {
      "relative_strength": 4.153504613980152,
      "consistently_strong": true,
      "strongly_outperforming": true
    },
    "news": {
      "article_count": 0,
      "primary_catalyst": "unknown",
      "themes": {
        "earnings": 0,
        "fda_approval": 0,
        "merger": 0,
        "contract": 0,
        "upgrade": 0,
        "other": 0
      }
    },
    "price_patterns": {
      "return_7d": 0.7829457364341084,
      "return_30d": 0.7557251908396945,
      "return_60d": 2.185595567867036,
      "return_90d": 3.4145873320537423
    },
    "volume_profile": {
      "avg_volume": 1397861.0352941176,
      "median_volume": 878027.0,
      "unusual_volume_days": 9,
      "dry_volume_days": 36
    },
    "scores": {
      "setup_score": 0,
      "technical_score": 40,
      "fundamental_score": 0,
      "catalyst_score": 0,
      "total_score": 40
    }
  },
  {
    "ticker": "SMTS",
    "catalyst_date": "2020-06-19",
    "explosion_metrics": {
      "gain_pct": 511.1111111111111,
      "volume_spike": "103.3x",
      "exit_quality": "volatile_exit"
    },
    "profile": {
      "name": "Sierra Metals Inc. Common Stock",
      "market_cap": 269610000.0,
      "shares_outstanding": 162300000.0,
      "sic_description": "",
      "primary_exchange": "XASE",
      "is_ultra_low_float": false,
      "is_low_float": false,
      "is_micro_cap": true,
      "float_category": "medium",
      "has_data": true
    },
    "technicals": {
      "bar_count": 85,
      "bb_squeeze": {
        "is_squeezing": true,
        "current_width": 0.12614579115600316,
        "squeeze_ratio": 0.6593337816410282
      },
      "volume_trend": {
        "is_drying": false,
        "volume_ratio": 12.46988234078742
      },
      "consolidation": {
        "is_consolidating": false,
        "range_pct": 0.8057535264422896
      },
      "volatility_rank": 10.9375,
      "rsi": 70.78874961785388,
      "price_ma20": 0.8264625000000001,
      "price_ma50": 0.7979669800000001,
      "volume_ma20": 337979.95
    },
    "fundamentals": {
      "has_data": false
    },
    "relative_strength": {
      "relative_strength": -0.25537553903780336,
      "consistently_strong": false,
      "strongly_outperforming": false
    },
    "news": {
      "article_count": 0,
      "primary_catalyst": "unknown",
      "themes": {
        "earnings": 0,
        "fda_approval": 0,
        "merger": 0,
        "contract": 0,
        "upgrade": 0,
        "other": 0
      }
    },
    "price_patterns": {
      "return_7d": 0.2564841498559078,
      "return_30d": 0.310096153846154,
      "return_60d": 0.4084507042253522,
      "return_90d": 0.601055227592204
    },
    "volume_profile": {
      "avg_volume": 101329.98823529412,
      "median_volume": 27578.0,
      "unusual_volume_days": 2,
      "dry_volume_days": 64
    },
    "scores": {
      "setup_score": 30,
      "technical_score": 40,
      "fundamental_score": 0,
      "catalyst_score": 0,
      "total_score": 70
    }
  },
  {
    "ticker": "RTC",
    "catalyst_date": "2024-01-10",
    "explosion_metrics": {
      "gain_pct": 510.64040912907404,
      "volume_spike": "5.9x",
      "exit_quality": "volatile_exit"
    },
    "profile": {
      "name": "Baijiayun Group Ltd. Class A Ordinary Shares",
      "market_cap": 412155751.1,
      "shares_outstanding": 29200000.0,
      "sic_description": "",
      "primary_exchange": "XNAS",
      "is_ultra_low_float": false,
      "is_low_float": true,
      "is_micro_cap": false,
      "float_category": "low",
      "has_data": true
    },
    "technicals": {
      "bar_count": 84,
      "bb_squeeze": {
        "is_squeezing": false,
        "current_width": 0.3593032791835272,
        "squeeze_ratio": 1.1242729578564674
      },
      "volume_trend": {
        "is_drying": false,
        "volume_ratio": 5.432825546775312
      },
      "consolidation": {
        "is_consolidating": false,
        "range_pct": 1.4656615354549416
      },
      "volatility_rank": 47.61904761904761,
      "rsi": 67.61704269827469,
      "price_ma20": 9.687375,
      "price_ma50": 11.303020000000002,
      "volume_ma20": 9707.59
    },
    "fundamentals": {
      "has_data": false
    },
    "relative_strength": {
      "relative_strength": -0.5706930739311491,
      "consistently_strong": false,
      "strongly_outperforming": false
    },
    "news": {
      "article_count": 1,
      "primary_catalyst": "contract",
      "themes": {
        "earnings": 0,
        "fda_approval": 0,
        "merger": 0,
        "contract": 1,
        "upgrade": 0,
        "other": 0
      }
    },
    "price_patterns": {
      "return_7d": 0.16995000000000005,
      "return_30d": 0.5496026490066226,
      "return_60d": -0.24519354838709675,
      "return_90d": -0.28975565336166337
    },
    "volume_profile": {
      "avg_volume": 3194.8357142857144,
      "median_volume": 801.5,
      "unusual_volume_days": 6,
      "dry_volume_days": 62
    },
    "scores": {
      "setup_score": 30,
      "technical_score": 0,
      "fundamental_score": 0,
      "catalyst_score": 0,
      "total_score": 30
    }
  },
  {
    "ticker": "MBRX",
    "catalyst_date": "2020-04-08",
    "explosion_metrics": {
      "gain_pct": 509.90712074303406,
      "volume_spike": "96.1x",
      "exit_quality": "unknown"
    },
    "profile": {
      "name": "Moleculin Biotech, Inc.",
      "market_cap": 29148629.76,
      "shares_outstanding": 45730000.0,
      "sic_description": "PHARMACEUTICAL PREPARATIONS",
      "primary_exchange": "XNAS",
      "is_ultra_low_float": false,
      "is_low_float": true,
      "is_micro_cap": true,
      "float_category": "low",
      "has_data": true
    },
    "technicals": {
      "bar_count": 83,
      "bb_squeeze": {
        "is_squeezing": false,
        "current_width": 0.2798081185061798,
        "squeeze_ratio": 1.5453626577366308
      },
      "volume_trend": {
        "is_drying": false,
        "volume_ratio": 19.02633726318164
      },
      "consolidation": {
        "is_consolidating": false,
        "range_pct": 2.7045588319546283
      },
      "volatility_rank": 88.70967741935483,
      "rsi": 75.63254506366793,
      "price_ma20": 53.65734,
      "price_ma50": 61.784556,
      "volume_ma20": 124559.183335
    },
    "fundamentals": {
      "has_data": true,
      "revenue": 0.0,
      "revenue_qoq_growth": 0.0,
      "revenue_yoy_growth": 0.0,
      "is_accelerating": false,
      "net_income": -7640000.0,
      "turning_profitable": false,
      "cash": 0.0,
      "total_debt": 0.0
    },
    "relative_strength": {
      "relative_strength": 0.3710827934656783,
      "consistently_strong": true,
      "strongly_outperforming": true
    },
    "news": {
      "article_count": 0,
      "primary_catalyst": "unknown",
      "themes": {
        "earnings": 0,
        "fda_approval": 0,
        "merger": 0,
        "contract": 0,
        "upgrade": 0,
        "other": 0
      }
    },
    "price_patterns": {
      "return_7d": 1.206776715899218,
      "return_30d": 1.247787610619469,
      "return_60d": 0.6821192052980132,
      "return_90d": 0.3368421052631579
    },
    "volume_profile": {
      "avg_volume": 35742.5385626506,
      "median_volume": 4983.4,
      "unusual_volume_days": 4,
      "dry_volume_days": 73
    },
    "scores": {
      "setup_score": 60,
      "technical_score": 0,
      "fundamental_score": 0,
      "catalyst_score": 0,
      "total_score": 60
    }
  },
  {
    "ticker": "PED",
    "catalyst_date": "2019-01-14",
    "explosion_metrics": {
      "gain_pct": 506.8088133749032,
      "volume_spike": "59.7x",
      "exit_quality": "sustained_move"
    },
    "profile": {
      "name": "PEDEVCO Corp.",
      "market_cap": 176841426.3,
      "shares_outstanding": 14830000.0,
      "sic_description": "CRUDE PETROLEUM & NATURAL GAS",
      "primary_exchange": "XASE",
      "is_ultra_low_float": true,
      "is_low_float": true,
      "is_micro_cap": true,
      "float_category": "very_low",
      "has_data": true
    },
    "technicals": {
      "bar_count": 82,
      "bb_squeeze": {
        "is_squeezing": false,
        "current_width": 0.5715934213866316,
        "squeeze_ratio": 2.4169400093640805
      },
      "volume_trend": {
        "is_drying": false,
        "volume_ratio": 12.496561398431629
      },
      "consolidation": {
        "is_consolidating": false,
        "range_pct": 1.2856425804387397
      },
      "volatility_rank": 96.72131147540983,
      "rsi": 81.61222339304531,
      "price_ma20": 0.9348629,
      "price_ma50": 1.30868516,
      "volume_ma20": 466358.55
    },
    "fundamentals": {
      "has_data": true,
      "revenue": 6972000.0,
      "revenue_qoq_growth": -20.192307692307693,
      "revenue_yoy_growth": -14.095613602759979,
      "is_accelerating": false,
      "net_income": -1676000.0,
      "turning_profitable": false,
      "cash": 0.0,
      "total_debt": 0.0
    },
    "relative_strength": {
      "relative_strength": -0.07588534826386495,
      "consistently_strong": false,
      "strongly_outperforming": false
    },
    "news": {
      "article_count": 0,
      "primary_catalyst": "unknown",
      "themes": {
        "earnings": 0,
        "fda_approval": 0,
        "merger": 0,
        "contract": 0,
        "upgrade": 0,
        "other": 0
      }
    },
    "price_patterns": {
      "return_7d": 0.9825630001194313,
      "return_30d": 0.4310344827586207,
      "return_60d": 0.006060606060606067,
      "return_90d": -0.17821782178217827
    },
    "volume_profile": {
      "avg_volume": 198789.5975609756,
      "median_volume": 60729.0,
      "unusual_volume_days": 6,
      "dry_volume_days": 59
    },
    "scores": {
      "setup_score": 80,
      "technical_score": 0,
      "fundamental_score": 0,
      "catalyst_score": 0,
      "total_score": 80
    }
  },
  {
    "ticker": "SPRT",
    "catalyst_date": "2021-03-22",
    "explosion_metrics": {
      "gain_pct": 505.2631578947368,
      "volume_spike": "1865.9x",
      "exit_quality": "sustained_move"
    },
    "profile": {
      "name": "support.com, Inc.",
      "market_cap": 0.0,
      "shares_outstanding": 19380000.0,
      "sic_description": "SERVICES-COMPUTER PROCESSING & DATA PREPARATION",
      "primary_exchange": "XNAS",
      "is_ultra_low_float": true,
      "is_low_float": true,
      "is_micro_cap": false,
      "float_category": "very_low",
      "has_data": true
    },
    "technicals": {
      "bar_count": 81,
      "bb_squeeze": {
        "is_squeezing": false,
        "current_width": 0.11856532758871001,
        "squeeze_ratio": 1.4835017687599241
      },
      "volume_trend": {
        "is_drying": false,
        "volume_ratio": 66.40821107409188
      },
      "consolidation": {
        "is_consolidating": false,
        "range_pct": 3.1807330431119225
      },
      "volatility_rank": 26.666666666666668,
      "rsi": 94.41441441441442,
      "price_ma20": 2.3720000000000003,
      "price_ma50": 2.2984,
      "volume_ma20": 14213542.0
    },
    "fundamentals": {
      "has_data": true,
      "revenue": 8512000.0,
      "revenue_qoq_growth": -11.618731180562767,
      "revenue_yoy_growth": -28.763913298183947,
      "is_accelerating": false,
      "net_income": -799000.0,
      "turning_profitable": false,
      "cash": 0.0,
      "total_debt": 0.0
    },
    "relative_strength": {
      "relative_strength": 2.561517084169464,
      "consistently_strong": true,
      "strongly_outperforming": true
    },
    "news": {
      "article_count": 0,
      "primary_catalyst": "unknown",
      "themes": {
        "earnings": 0,
        "fda_approval": 0,
        "merger": 0,
        "contract": 0,
        "upgrade": 0,
        "other": 0
      }
    },
    "price_patterns": {
      "return_7d": 2.3333333333333335,
      "return_30d": 2.0084745762711864,
      "return_60d": 2.3333333333333335,
      "return_90d": 2.3490566037735845
    },
    "volume_profile": {
      "avg_volume": 3628536.4691358022,
      "median_volume": 104826.0,
      "unusual_volume_days": 1,
      "dry_volume_days": 80
    },
    "scores": {
      "setup_score": 50,
      "technical_score": 0,
      "fundamental_score": 0,
      "catalyst_score": 0,
      "total_score": 50
    }
  },
  {
    "ticker": "KOPN",
    "catalyst_date": "2020-12-21",
    "explosion_metrics": {
      "gain_pct": 505.1282051282052,
      "volume_spike": "13.6x",
      "exit_quality": "sustained_move"
    },
    "profile": {
      "name": "Kopin Corp",
      "market_cap": 123534876.04,
      "shares_outstanding": 84960000.0,
      "sic_description": "SEMICONDUCTORS & RELATED DEVICES",
      "primary_exchange": "XNAS",
      "is_ultra_low_float": false,
      "is_low_float": false,
      "is_micro_cap": true,
      "float_category": "medium",
      "has_data": true
    },
    "technicals": {
      "bar_count": 84,
      "bb_squeeze": {
        "is_squeezing": false,
        "current_width": 0.2454057272405513,
        "squeeze_ratio": 1.7294185289342068
      },
      "volume_trend": {
        "is_drying": false,
        "volume_ratio": 3.5478954124485034
      },
      "consolidation": {
        "is_consolidating": false,
        "range_pct": 0.844984802431611
      },
      "volatility_rank": 95.23809523809523,
      "rsi": 81.203007518797,
      "price_ma20": 1.7924999999999998,
      "price_ma50": 1.5293999999999996,
      "volume_ma20": 1420371.9
    },
    "fundamentals": {
      "has_data": true,
      "revenue": 300200.0,
      "revenue_qoq_growth": -42.25223960126729,
      "revenue_yoy_growth": 44.8072934253051,
      "is_accelerating": false,
      "net_income": -5166633.0,
      "turning_profitable": false,
      "cash": 0.0,
      "total_debt": 0.0
    },
    "relative_strength": {
      "relative_strength": 0.8323811559121701,
      "consistently_strong": true,
      "strongly_outperforming": true
    },
    "news": {
      "article_count": 0,
      "primary_catalyst": "unknown",
      "themes": {
        "earnings": 0,
        "fda_approval": 0,
        "merger": 0,
        "contract": 0,
        "upgrade": 0,
        "other": 0
      }
    },
    "price_patterns": {
      "return_7d": 0.5443786982248521,
      "return_30d": 0.7999999999999999,
      "return_60d": 0.9191176470588233,
      "return_90d": 0.9923664122137403
    },
    "volume_profile": {
      "avg_volume": 676389.4880952381,
      "median_volume": 398502.0,
      "unusual_volume_days": 5,
      "dry_volume_days": 34
    },
    "scores": {
      "setup_score": 30,
      "technical_score": 0,
      "fundamental_score": 0,
      "catalyst_score": 0,
      "total_score": 30
    }
  },
  {
    "ticker": "VAPO",
    "catalyst_date": "2022-12-01",
    "explosion_metrics": {
      "gain_pct": 504.34782608695645,
      "volume_spike": "31.3x",
      "exit_quality": "unknown"
    },
    "profile": {
      "name": "Vapotherm, Inc. Common Stock",
      "market_cap": 68002624.0,
      "shares_outstanding": 26560000.0,
      "sic_description": "SURGICAL & MEDICAL INSTRUMENTS & APPARATUS",
      "primary_exchange": "XNYS",
      "is_ultra_low_float": false,
      "is_low_float": true,
      "is_micro_cap": true,
      "float_category": "low",
      "has_data": true
    },
    "technicals": {
      "bar_count": 85,
      "bb_squeeze": {
        "is_squeezing": false,
        "current_width": 1.1237055210249118,
        "squeeze_ratio": 2.5478807703537725
      },
      "volume_trend": {
        "is_drying": false,
        "volume_ratio": 6.853119570043782
      },
      "consolidation": {
        "is_consolidating": false,
        "range_pct": 1.8504886925939559
      },
      "volatility_rank": 98.4375,
      "rsi": 79.46859903381643,
      "price_ma20": 5.45744,
      "price_ma50": 9.696576,
      "volume_ma20": 152314.1375
    },
    "fundamentals": {
      "has_data": true,
      "revenue": 15167000.0,
      "revenue_qoq_growth": -5.424954792043399,
      "revenue_yoy_growth": 16.93007478220646,
      "is_accelerating": false,
      "net_income": -15130000.0,
      "turning_profitable": false,
      "cash": 0.0,
      "total_debt": 0.0
    },
    "relative_strength": {
      "relative_strength": -0.45559749743636146,
      "consistently_strong": false,
      "strongly_outperforming": false
    },
    "news": {
      "article_count": 16,
      "primary_catalyst": "earnings",
      "themes": {
        "earnings": 8,
        "fda_approval": 1,
        "merger": 2,
        "contract": 0,
        "upgrade": 0,
        "other": 5
      }
    },
    "price_patterns": {
      "return_7d": 0.8354860639021074,
      "return_30d": -0.33168316831683164,
      "return_60d": -0.1818181818181817,
      "return_90d": -0.3112244897959183
    },
    "volume_profile": {
      "avg_volume": 51721.21911764706,
      "median_volume": 21165.0,
      "unusual_volume_days": 4,
      "dry_volume_days": 51
    },
    "scores": {
      "setup_score": 60,
      "technical_score": 0,
      "fundamental_score": 0,
      "catalyst_score": 50,
      "total_score": 110
    }
  },
  {
    "ticker": "SQBG",
    "catalyst_date": "2020-03-30",
    "explosion_metrics": {
      "gain_pct": 503.1128404669262,
      "volume_spike": "7.0x",
      "exit_quality": "volatile_exit"
    },
    "profile": {
      "name": "Sequential Brands Group, Inc.",
      "market_cap": 0.0,
      "shares_outstanding": 65519999.0,
      "sic_description": "APPAREL & OTHER FINISHD PRODS OF FABRICS & SIMILAR MATL",
      "primary_exchange": "XNAS",
      "is_ultra_low_float": false,
      "is_low_float": false,
      "is_micro_cap": false,
      "float_category": "medium",
      "has_data": true
    },
    "technicals": {
      "bar_count": 82,
      "bb_squeeze": {
        "is_squeezing": false,
        "current_width": 0.4437551657642615,
        "squeeze_ratio": 2.4090261099035755
      },
      "volume_trend": {
        "is_drying": false,
        "volume_ratio": 2.1195135190837586
      },
      "consolidation": {
        "is_consolidating": false,
        "range_pct": 0.9548249648961408
      },
      "volatility_rank": 98.36065573770492,
      "rsi": 66.31268436578172,
      "price_ma20": 7.235000000000001,
      "price_ma50": 10.036639999999998,
      "volume_ma20": 3650.80375
    },
    "fundamentals": {
      "has_data": true,
      "revenue": 24024000.0,
      "revenue_qoq_growth": 6.329113924050633,
      "revenue_yoy_growth": -9.051675184554231,
      "is_accelerating": false,
      "net_income": 5846000.0,
      "turning_profitable": true,
      "cash": 0.0,
      "total_debt": 453388000.0
    },
    "relative_strength": {
      "relative_strength": -0.006257219869079678,
      "consistently_strong": false,
      "strongly_outperforming": false
    },
    "news": {
      "article_count": 0,
      "primary_catalyst": "unknown",
      "themes": {
        "earnings": 0,
        "fda_approval": 0,
        "merger": 0,
        "contract": 0,
        "upgrade": 0,
        "other": 0
      }
    },
    "price_patterns": {
      "return_7d": 0.8999366687777075,
      "return_30d": 0.3043478260869566,
      "return_60d": -0.06832298136645969,
      "return_90d": -0.12408759124087587
    },
    "volume_profile": {
      "avg_volume": 2700.7048780487803,
      "median_volume": 1982.825,
      "unusual_volume_days": 7,
      "dry_volume_days": 31
    },
    "scores": {
      "setup_score": 0,
      "technical_score": 0,
      "fundamental_score": 50,
      "catalyst_score": 0,
      "total_score": 50
    }
  },
  {
    "ticker": "NBTX",
    "catalyst_date": "2023-05-05",
    "explosion_metrics": {
      "gain_pct": 501.13714285714286,
      "volume_spike": "12281.3x",
      "exit_quality": "sustained_move"
    },
    "profile": {
      "name": "Nanobiotix S.A. American Depositary Shares",
      "market_cap": 121308376.92,
      "shares_outstanding": 34880000.0,
      "sic_description": "",
      "primary_exchange": "XNAS",
      "is_ultra_low_float": false,
      "is_low_float": true,
      "is_micro_cap": true,
      "float_category": "low",
      "has_data": true
    },
    "technicals": {
      "bar_count": 58,
      "bb_squeeze": {
        "is_squeezing": false
      },
      "volume_trend": {
        "is_drying": false,
        "volume_ratio": 897.6070350853487
      },
      "consolidation": {
        "is_consolidating": false,
        "range_pct": 1.7876498408637973
      },
      "volatility_rank": 50.0,
      "rsi": 68.28618771452243,
      "price_ma20": 3.2669849999999996,
      "price_ma50": 3.6118360000000003,
      "volume_ma20": 1992956.9
    },
    "fundamentals": {
      "has_data": false
    },
    "relative_strength": {
      "relative_strength": 0.831897233417136,
      "consistently_strong": true,
      "strongly_outperforming": true
    },
    "news": {
      "article_count": 8,
      "primary_catalyst": "earnings",
      "themes": {
        "earnings": 5,
        "fda_approval": 0,
        "merger": 0,
        "contract": 2,
        "upgrade": 0,
        "other": 1
      }
    },
    "price_patterns": {
      "return_7d": 2.1214953271028034,
      "return_30d": 0.8607242339832869,
      "return_60d": 0.7860962566844918,
      "return_90d": 0.7305699481865284
    },
    "volume_profile": {
      "avg_volume": 688531.4137931034,
      "median_volume": 1182.5,
      "unusual_volume_days": 1,
      "dry_volume_days": 57
    },
    "scores": {
      "setup_score": 60,
      "technical_score": 0,
      "fundamental_score": 0,
      "catalyst_score": 50,
      "total_score": 110
    }
  },
  {
    "ticker": "NEON",
    "catalyst_date": "2024-04-18",
    "explosion_metrics": {
      "gain_pct": 500.0,
      "volume_spike": "6.0x",
      "exit_quality": "unknown"
    },
    "profile": {
      "name": "Neonode Inc. Common Stock",
      "market_cap": 31256543.835,
      "shares_outstanding": 15360000.0,
      "sic_description": "ELECTRONIC COMPONENTS, NEC",
      "primary_exchange": "XNAS",
      "is_ultra_low_float": true,
      "is_low_float": true,
      "is_micro_cap": true,
      "float_category": "very_low",
      "has_data": true
    },
    "technicals": {
      "bar_count": 82,
      "bb_squeeze": {
        "is_squeezing": false,
        "current_width": 0.1284533643581848,
        "squeeze_ratio": 0.8720318703842481
      },
      "volume_trend": {
        "is_drying": false,
        "volume_ratio": 0.9461780643598825
      },
      "consolidation": {
        "is_consolidating": false,
        "range_pct": 0.32747119466343233
      },
      "volatility_rank": 81.9672131147541,
      "rsi": 61.979166666666664,
      "price_ma20": 1.4177500000000003,
      "price_ma50": 1.4570600000000002,
      "volume_ma20": 31255.1
    },
    "fundamentals": {
      "has_data": true,
      "revenue": 430000.0,
      "revenue_qoq_growth": -16.17933723196881,
      "revenue_yoy_growth": -57.59368836291914,
      "is_accelerating": false,
      "net_income": 14184000.0,
      "turning_profitable": true,
      "cash": 0.0,
      "total_debt": 0.0
    },
    "relative_strength": {
      "relative_strength": -0.265774983154217,
      "consistently_strong": false,
      "strongly_outperforming": false
    },
    "news": {
      "article_count": 0,
      "primary_catalyst": "unknown",
      "themes": {
        "earnings": 0,
        "fda_approval": 0,
        "merger": 0,
        "contract": 0,
        "upgrade": 0,
        "other": 0
      }
    },
    "price_patterns": {
      "return_7d": 0.10135135135135129,
      "return_30d": 0.314516129032258,
      "return_60d": 0.051612903225806354,
      "return_90d": -0.1725888324873097
    },
    "volume_profile": {
      "avg_volume": 39822.79268292683,
      "median_volume": 32639.5,
      "unusual_volume_days": 7,
      "dry_volume_days": 19
    },
    "scores": {
      "setup_score": 80,
      "technical_score": 0,
      "fundamental_score": 50,
      "catalyst_score": 0,
      "total_score": 130
    }
  }
]